% wren ng thornton, <wren -at- cpan.org>            ~ 2010.02.27
% ~~~~~~~~~~~~~~~~~~~~~~~~~~~~~~~~~~~~~~~~~~~~~~~~~~~~~~~~~~~~~~
% N.B. if using natbib.sty, the url.sty package of Donald Arseneau
% because natbib automatically takes the first url but doesn't
% escape anything which means lots of errors.
%
% The editors, publishers, and addresses have been removed per:
% <http://freedom-to-tinker.com/blog/dwallach/public-service-rant-please-fix-your-bibliography>


@InProceedings{eisner-blatz2007,
    author    = "Jason Eisner and John Blatz",
    title     = "Program Transformations for Optimization of Parsing
                 Algorithms and Other Weighted Logic Programs",
    booktitle = "Proceedings of the 11th Conference on Formal Grammar (FG 2006)",
    pages     = "45--85",
    editor    = "Shuly Wintner",
    publisher = "CSLI Publications",
    year      = 2007,
    url = {http://cs.jhu.edu/~jason/papers/#fg06},
    url = {http://www.cs.jhu.edu/~jason/research.html#fg06},
}


@InProceedings{Kiselyov2005:logict,
    author    = "Oleg Kiselyov and Chung{-}chieh Shan and Daniel
                 P. Friedman and Amr Sabry",
    title     = "Backtracking, Interleaving, and Terminating Monad
                 Transformers (functional pearl)",
    booktitle = "Proceedings of the 10th {ACM} {SIGPLAN} International Conference on Functional Programming (ICFP 2005)",
    pages     = "192--203",
    location  = "Tallinn, Estonia",
    year      = 2005,
    isbn = "1--59593--064--7",
    url  = {http://okmij.org/ftp/Computation/monads.html#LogicT},
    url  = {http://hackage.haskell.org/cgi-bin/hackage-scripts/package/logict-0.2.3},
    url  = {http://portal.acm.org/citation.cfm?id=1086365.1086390},
    doi  = {http://doi.acm.org/10.1145/1086365.1086390},
}
%    publisher = "ACM",
%    address   = "New York, NY, USA",


@InProceedings{Naylor2007:wired,
    author    = "Matthew Naylor and Emil Axelsson and Colin Runciman",
    title     = "A Functional-Logic Library for {W}ired",
    booktitle = "Proceedings of the {ACM} {SIGPLAN} workshop on {H}askell ({H}askell 2007)",
    pages     = "37--48",
    location  = "Freiburg, Germany",
    year      = 2007,
    isbn = "978--1--59593--674--5",
    url  = {http://www.cs.chalmers.se/~emax/wired/documents/LP_HFL07.pdf},
    url  = {http://www.cs.chalmers.se/~emax/wired/},
    url  = {http://portal.acm.org/citation.cfm?id=1291201.1291207},
    doi  = {http://doi.acm.org/10.1145/1291201.1291207},
}
%    publisher = "ACM",
%    address   = "New York, NY, USA",


@InProceedings{Hinze2004:algebra,
    author = "Ralf Hinze",
    title  = "An Algebra of Scans",
    booktitle = ""
    url = "http://citeseer.ist.psu.edu/hinze04algebra.html",
}


@Article{Hinze2000:deriving,
    author  = "Ralf Hinze",
    title   = "Deriving backtracking monad transformers",
    journal = "ACM SIG{-}PLAN Notices",
    volume  = "35",
    number  = "9",
    pages   = "186--197",
    year    = "2000",
    url = "http://citeseer.ist.psu.edu/hinze00deriving.html",
}


% See also #5 from Naylor2007:wired
@Misc{curry-language,
    author = "Sergio Antoy and Bernd Bra{\ss}el and Herbert Kuchen and Francisco J. L{\'o}pez{-}Fraguas and Wolfgang Lux and Juan Jos{\'e} Moreno Navarro and Frank Steiner",
    title = "{C}urry: A Truly Integrated Functional Logic Language",
    howpublished = "Website",
    editor = "Michael Hanus",
    year = 2006,
    url = {http://www.informatik.uni-kiel.de/~curry/papers/report.pdf},
    url = {http://www.informatik.uni-kiel.de/~curry/},
}


@InProceedings{Sheard2001:generic,
    author    = "Tim Sheard",
    title     = "Generic Unification via Two-Level Types and
                 Parameterized Modules (functional pearl)",
    booktitle = "Proceedings of the 6th {ACM} {SIGPLAN} International Conference on Functional Programming (ICFP 2001)",
    pages     = "86--97",
    location  = "Florence, Italy",
    year      = 2001,
    isbn = "1--58113--415--0",
    url  = {http://web.cecs.pdx.edu/~sheard/papers/generic.ps},
    url  = {http://web.cecs.pdx.edu/~sheard/},
    url  = {http://portal.acm.org/citation.cfm?id=507635.507648},
    doi  = {http://doi.acm.org/10.1145/507635.507648},
}
%    publisher = "ACM",
%    address   = "New York, NY, USA",


% The year is when it was accepted
@Unpublished{swierstra:la-carte,
    author = "Wouter Swierstra",
    note   = "Accepted for publication in the Journal of Functional
              Programming.",
    title  = "Data types {\`a} la carte",
    year   = 2008,
    url = {http://www.cs.nott.ac.uk/~wss/Publications/DataTypesALaCarte.pdf},
    url = {http://www.cs.nott.ac.uk/~wss/},
}


@Misc{Wadler1998:expression-problem,
    author = "Philip Wadler",
    title  = "The {E}xpression {P}roblem",
    month  = nov,
    year   = 1998,
    howpublished = "Email",
    note = "Discussion on the Java Genericity mailing list",
    url  = {http://www.cs.purdue.edu/homes/jv/510s05/papers/wadler.txt},
}


% Use TechReport?
@Misc{Seefried2007,
    author = "Sean Seefried and Manuel M. T. Chakravarty",
    title  = "Solving the expression problem in {H}askell with true separate compilation",
    month  = jun,
    year   = 2007,
    howpublished = "Technical Report UNSW-CSE-TR-0715",
    publisher = "The University of New South Wales",
    url = {http://www.cse.unsw.edu.au/~sseefried/files/papers/tr-0715.pdf},
    url = {http://www.cse.unsw.edu.au/~chak/papers/SC07.html},
    url = {http://www.cse.unsw.edu.au/~chak/papers/},
}


% Use TechReport?
@InProceedings{Spivey1999:embedding,
    author    = "J. Michael Spivey and Silvija Seres",
    title     = "Embedding {P}rolog in {H}askell",
    booktitle = "Proceedings of the {ACM} {SIGPLAN} workshop on Haskell (Haskell 1999)",
    howpublished = "Technical Report UU-CS-1999-28",
    publisher = "Department of Computer Science, University of Utrecht",
    year      = 1999,
    editor    = "E. Meier",
    url = {http://citeseer.ist.psu.edu/spivey99embedding.html},
}


@Article{Coquand96:dependent,
    author  = "Thierry Coquand",
    title   = "An Algorithm for Type-Checking Dependent Types",
    journal = "Science of Computer Programming",
    volume  = 26,
    number  = "1-3",
    pages   = "167--177",
    year    = 1996,
    url = {http://citeseer.ist.psu.edu/coquand96algorithm.html},
}


@InProceedings{Claessen2000:typed-logic,
    author    = "Koen Claessen and Peter Ljungl{\"o}f",
    title     = "Typed logical variables in {H}askell",
    booktitle = "Proceedings of the {ACM} {SIGPLAN} workshop on Haskell (Haskell 2000)",
    year      = 2000,
    url = {http://citeseer.ist.psu.edu/claessen00typed.html},
}


% ~~~~~~~~~~~~~~~~~~~~~~~~~~~~~~~~~~~~~~~~~~~~~~~~~~~~~~~~~~~~~~
% Fusion and Deforestation

@InProceedings{CSL2006:rewriting,
    author    = "Duncan Coutts and Don Stewart and Roman Leshchinskiy",
    title     = "Rewriting {H}askell {S}trings",
    booktitle = "Practical Aspects of Declarative Languages 8th International Symposium (PADL 2007)",
    year      = 2007,
    month     = jan,
    pages     = "50--64",
    url = {http://www.cse.unsw.edu.au/~dons/papers/CSL06.html},
    url = {http://www.cse.unsw.edu.au/~dons/fps.html},
}
%    publisher = "Springer-Verlag",


@InProceedings{CLS2007:stream,
    author    = "Duncan Coutts and Roman Leshchinskiy and Don Stewart",
    title     = "Stream {F}usion: From Lists to Streams to Nothing at All",
    booktitle = "Proceedings of the {ACM} {SIGPLAN} International Conference on Functional Programming (ICFP 2007)",
    year      = 2007,
    month     = apr,
    url = {http://www.cse.unsw.edu.au/~dons/papers/CLS07.html},
    url = {http://www.cse.unsw.edu.au/~dons/streams.html},
}

% ~~~~~~~~~~~~~~~~~~~~~~~~~~~~~~~~~~~~~~~~~~~~~~~~~~~~~~~~~~~~~~
% Monads papers (taken from my PL seminar slides)

@InProceedings{Wadler1989:adhoc-polymorphism,
	author    = "Philip Wadler and Stephen Blott",
	title     = "How to make ad-hoc polymorphism less ad-hoc",
	booktitle = "Proceedings of the 16th {ACM} Symposium on Principles of Programming Languages (POPL 1989)",
	pages     = "60--76",
	month     = jan,
	year      = 1989,
	url = {http://homepages.inf.ed.ac.uk/wadler/topics/type-classes.html},
}
%	 publisher = "ACM",
%    address   = "New York, NY, USA",


@InProceedings{SPJones1993:imperative-functional,
	author    = "Simon L. Peyton Jones and Philip Wadler",
	title     = "Imperative Functional Programming",
	booktitle = "Proceedings of the 20th {ACM} {SIGPLAN}{-}{SIGACT} Symposium on Principles of Programming Languages (POPL 1993)",
    location  = "Charleston, South Carolina",
	pages     = "71--84",
	year      = 1993,
	url = {http://homepages.inf.ed.ac.uk/wadler/topics/monads.html},
    url = {http://portal.acm.org/citation.cfm?doid=158511.158524},
    doi = {http://doi.acm.org/10.1145/158511.158524},
}
%    publisher = "ACM",
%    address   = "New York, NY, USA",


@Misc{SPJones2000:awkward-squad,
	author    = "Simon L. Peyton Jones",
	title     = "Tackling the {A}wkward {S}quad: monadic input/output,
                 concurrency, exceptions, and foreign-language
                 calls in {H}askell",
	location  = "Presented at the 2000 {M}arktoberdorf {S}ummer {S}chool",
	journal   = "Engineering theories of software construction",
	editor    = "Tony Hoare and Manfred Broy and Ralf Steinbruggen",
	publisher = "{IOS} Press",
	pages     = "47--96",
	year      = 2000,
	isbn  = "1--58603--1724",
	url   = {http://research.microsoft.com/~simonpj/papers/marktoberdorf/},
}


@Misc{Wikibooks:HaskellCT,
	author = "Wikibooks",
	title  = "Haskell/Category theory",
	month  = mar,
	year   = 2008,
	howpublished = "Website",
	url = {http://en.wikibooks.org/wiki/Haskell/Category_theory},
}


% ~~~~~~~~~~~~~~~~~~~~~~~~~~~~~~~~~~~~~~~~~~~~~~~~~~~~~~~~~~~~~~
% Term Factoring
@Article{Dawson1996:factoring,
    author    = "Steven Dawson and C. R. Ramakrishnan and Steven Skiena and Terrance Swift",
    title     = "Principles and Practice of Unification Factoring",
    journal   = "ACM Transactions on Programming Languages and Systems (TOPLAS)",
    volume    = 18,
    number    = 5,
    year      = 1996,
    pages     = "528--563",
    issn = "0164--0925",
    url  = {http://portal.acm.org/citation.cfm?id=232706.232722},
    url  = {http://citeseer.ist.psu.edu/dawson96principles.html},
    doi  = {http://doi.acm.org/10.1145/232706.232722},
}
%    publisher = "ACM",
%    address   = "New York, NY, USA",
    

@InProceedings{Dawson1995:optimizing,
    author    = "Steven Dawson and C. R. Ramakrishnan and I. V. Ramakrishnan and Terrance Swift",
    title     = "Optimizing Clause Resolution: Beyond Unification Factoring",
    booktitle = "International Logic Programming Symposium",
    pages     = "194--208",
    year      = 1995,
    url       = {http://citeseer.ist.psu.edu/dawson95optimizing.html},
}

% ~~~~~~~~~~~~~~~~~~~~~~~~~~~~~~~~~~~~~~~~~~~~~~~~~~~~~~~~~~~~~~
% ~~~~~~~~~~~~~~~~~~~~~~~~~~~~~~~~~~~~~~~~~~~~~~~~~~~~~~~~~ fin.
