%% ~~~~~~~~~~~~~~~~~~~~~~~~~~~~~~~~~~~~~~~~~~~~~~~~~~~~~~~~~~~~~
%% ~~~~~ Primary readings
%%
%% TODO: fill in all the "(...)"
%% TODO: define string macros for all the conferences
%% TODO: verify name spellings and entry types

%% ~~~~~ 12 January
@InCollection{ Schneider2000:ln-based-security,
	author    = "Fred B. Schneider and Greg Morrisett and Robert Harper",
	title     = "A Language-Based Approach to Security",
	year      = 2000,
	booktitle = "Informatics: 10 Years Back, 10 Years Ahead",
	pages     = "(...)",
	publisher = "Springer--Verlag",
	address   = "Heidelberg",
	url       = {http://www.cs.cornell.edu/fbs/publications/LangBasedCase.ps}
}

@InProceedings{ Bershad1995:software-issue,
	author    = "Brian N. Bershad and Stefan Savage and Przemys\law Pardyak and David Becker and Marc Fiuczynski and Emin G{\"u}n Sirer",
	title     = "Protection is a Software Issue",
	year      = 1995,
	booktitle = "HotOS",
	location  = "(...)",
	pages     = "(...)",
	url       = {http://www.cs.cornell.edu/home/jgm/cs711sp02/hotos95.ps}
}

%% ~~~~~ 14 January
@InProceedings{ Saltzer1975,
	author    = "Jerome H. Saltzer and Michael D. Schroeder",
	title     = "The Protection of Information in Computer Systems",
	year      = 1975,
	booktitle = "Proceedings of the IEEE",
	pages     = "(...)",
	url       = {http://www.cs.virginia.edu/~evans/cs551/saltzer/}
}

@Article{ Lampson2004:real-world,
	author    = "Butler Lampson",
	title     = "Computer Security in the Real World",
	year      = 2004,
	journal   = "IEEE Computer",
	pages     = "(...)",
	url       = {http://www.cs.cornell.edu/Courses/cs513/2005fa/NL02.Lampson.pdf}
}

%% ~~~~~ 26 January
@InProceedings{ Necula1997:pcc,
	author    = "George Necula",
	title     = "Proof-Carrying Code",
	year      = 1997,
	booktitle = "POPL",
	pages     = "(...)",
	url       = {http://www.eecs.berkeley.edu/~necula/Papers/pcc_popl97.ps}
}

%% ~~~~~ 28 January
@InProceedings{ Morrisett1999:F-to-TAL,
	author    = "Greg Morrisett and David Walker and Karl Crary
                  and Neal Glew",
	title     = "From {S}ystem {F} to Typed Assembly Language",
	year      = 1999,
	booktitle = "ACM TOPLAS",
	pages     = "(...)",
	url       = {http://www.cs.princeton.edu/~dpw/papers/tal-toplas.pdf}
}

%% ~~~~~ 2 February
@InProceedings{ Appel2000:semantic-pcc,
	author    = "Andrew W. Appel and Amy Felty",
	title     = "A Semantic Model of Types and Machine Instructions for Proof-Carrying Code",
	year      = 2000,
	booktitle = "POPL",
	pages     = "(...)",
	url       = {http://www.site.uottawa.ca/~afelty/dist/popl00.ps}
}

@InProceedings{ Appel2001:fpcc,
	author    = "Andrew W. Appel",
	title     = "Foundational Proof-Carrying Code",
	year      = 2001,
	booktitle = "LICS",
	pages     = "(...)",
	url       = {http://www.cs.princeton.edu/~appel/papers/fpcc.pdf}
}

%% ~~~~~ 4 February
@InProceedings{ Appel2001:indexed-fpcc,
	author    = "Andrew W. Appel and David McAllester",
	title     = "An Indexed Model of Recursive Types for Foundational Proof-Carrying Code",
	year      = 2001,
	booktitle = "ACM TOPLAS",
	pages     = "(...)",
	url       = {http://doi.acm.org/10.1145/504709.504712}
}

%% ~~~~~ 5 February
@PhdThesis{ Ahmed2004:thesis,
	author    = "Amal Ahmed",
	title     = "Semantics of Types for Mutable State",
	year      = 2004,
	url       = {http://www.cs.indiana.edu/~amal/ahmedsthesis.pdf}
}

%% ~~~~~ 9 February
@InProceedings{ Leroy2006:compcert,
	author    = "Xavier Leroy",
	title     = "Formal Certification of a Compiler Back-end",
	year      = 2006,
	booktitle = "POPL",
	pages     = "(...)",
	url       = {http://gallium.inria.fr/~xleroy/publi/compiler-certif.pdf}
}

% Short overview
@Article{ Leroy2009:compcert-cacm,
	author    = "Xavier Leroy",
	title     = "Formal verification of a realistic compiler",
	month     = jul,
	year      = 2009,
	journal   = "CACM",
	pages     = "(...)",
	url       = {http://pauillac.inria.fr/~xleroy/publi/compcert-CACM.pdf}
}
% with a perspective
@Article{ Morrisett2009:compcert-cacm,
	author    = "Greg Morrisett",
	title     = "A Compiler's Story",
	month     = jul,
	year      = 2009,
	journal   = "CACM",
	volume    = 52,
	number    = 7,
	pages     = "106--106",
	doi       = "10.1145/1538788.1538813",
	url       = {http://portal.acm.org/citation.cfm?doid=1538788.1538813}
}

% Long version
@Article{ Leroy2009:compcert,
	author    = "Xavier Leroy",
	title     = "A Formally-Verified Compiler Back-End",
	year      = 2009,
	journal   = "Journal of Automated Reasoning",
	pages     = "(...)",
	url       = {http://pauillac.inria.fr/~xleroy/publi/compcert-backend.pdf}
}

%% ~~~~~ 11 February
@InProceedings{ Chlipala2007:tpc,
	author    = "Adam Chlipala",
	title     = "A Certified Type-Preserving Compiler from Lambda Calculus to Assembly Language",
	year      = 2007,
	booktitle = "PLDI",
	pages     = "(...)",
	url       = {http://adam.chlipala.net/papers/CtpcPLDI07/CtpcPLDI07.pdf}
}

%% ~~~~~ 16 February
@InProceedings{ Benton2009:biorthogonality,
	author    = "Nick Benton and Chung-Kil Hur",
	title     = "Biorthogonality, Step-Indexing, and Compiler Correctness",
	year      = 2009,
	booktitle = "ICFP",
	pages     = "(...)",
	url       = {http://research.microsoft.com/en-us/um/people/nick/icfp074-benton.pdf}
}

@Unpublished{ Chlipala2009:compose,
	author    = "Adam Chlipala",
	title     = "Syntactic Proofs of Compositional Compiler Correctness",
	month     = oct,
	year      = 2009,
	note      = "Draft",
	url       = {http://adam.chlipala.net/tmp/compose.pdf}
}

@Unpublished{ Benton2009:ccc,
	author    = "Nick Benton and Chung-Kil Hur",
	title     = "Compositional Compiler Correctness with Quantified Types",
	month     = oct,
	year      = 2009,
	note      = "Draft",
	url       = {http://research.microsoft.com/en-us/um/people/nick/cccoctober.pdf}
}

%% ~~~~~ 18 February
@Article{ Kennedy2006:securing-NET,
	author    = "Andrew Kennedy",
	title     = "Securing the {.NET} Programming Model",
	year      = 2006,
	journal   = "Theoretical Computer Science",
	pages     = "(...)",
	url       = {http://research.microsoft.com/en-us/um/people/akenn/sec/appsem-tcs.pdf}
}

(Also see talk, 2005)
http://research.microsoft.com/en-us/um/people/akenn/sec/Untrustworthy%20Programming%20Languages.ppt

%% ~~~~~ 23 February
@InProceedings{ Ishtiaq2001:mutable-data,
	author    = "Samin Ishtiaq and Peter O'Hearn.",
	title     = "{BI} as an Assertion Language for Mutable Data Structures",
	year      = 2001,
	booktitle = "POPL",
	pages     = "(...)",
	url       = {http://portal.acm.org/citation.cfm?id=375719}
}

@InProceedings{ Reynolds2002:seplogic,
	author    = "John Reynolds",
	title     = "Separation Logic: A Logic for Shared Mutable Data Structures",
	year      = 2002,
	booktitle = "LICS",
	pages     = "(...)",
	url       = {http://www.cs.cmu.edu/~jcr/seplogic.pdf}
}

%% ~~~~~ 25 February

% This is a chapter in a book rather than an article in a published
% collection, but BibTeX omits the booktitle when entered as an InBook
% (I think InBook means only chapters in books by a single author(s).)
@InCollection{ Aspinall2005:deptypes,
    author    = "David Aspinall and Martin Hoffman",
    title     = "Dependent Types",
    booktitle = "Advanced Topics in Types and Programming Languages",
	editor    = "Benjamin C. Pierce",
    publisher = "MIT Press",
    month     = jan,
    year      = 2005,
    pages     = "45--86",
    url = {http://www.cis.upenn.edu/~bcpierce/attapl/},
}

%% TODO: the rest of them


%% ~~~~~~~~~~~~~~~~~~~~~~~~~~~~~~~~~~~~~~~~~~~~~~~~~~~~~~~~~~~~~
%% ~~~~~ Auxiliary readings

@InProceedings{ Jia2010:lambda-eek,
	author    = "Limin Jia and Jianzhou Zhao and Vilhelm Sj{\"o}berg and Stephanie Weirich",
	title     = "Dependent Types and Program Equivalence",
	month     = jan,
	year      = 2010,
	booktitle = "POPL",
	location  = "Madrid, Spain",
	pages     = "(to appear)",
	url       = {http://www.cis.upenn.edu/~plclub/lambda-eek/}
}

@article{ McKinna2006:deptypes-matter,
	author    = "McKinna, James",
	title     = "Why dependent types matter",
	journal   = "SIGPLAN Not.",
	volume    = 41,
	number    = 1,
	year      = 2006,
	pages     = "1--1",
	publisher = "ACM",
	address   = "New York, NY, USA",
	issn      = "0362-1340",
	url       = {http://doi.acm.org/10.1145/1111320.1111038},
}

@book{ Bertot2004:coqart,
	author = "Yves Bertot and Pierre Cast{\'e}ran",
	title = "Interactive Theorem Proving and Program Development,
				  {Coq'Art}: the Calculus of Inductive Constructions",
	year = 2004,
	publisher = "Springer-Verlag",
}

@article{ Barthe1999:cps-deptypes,
	author  = "Gilles Barthe and John Hatcliff and Morten Heine Soerensen",
	title   = "{CPS} Translations and Applications: the Cube and Beyond",
	journal = "Journal of Higher-order and Symbolic Computation",
	volume  = 12,
	number  = 2,
	pages   = "129--170",
	month   = sep,
	year    = 1999,
}

@article{ Hobor2010:indirection,
    author  = "Hobor, Aquinas and Dockins, Robert and Appel, Andrew W.",
    title   = "A theory of indirection via approximation",
    journal = "SIGPLAN Not.",
    volume  = 45,
    number  = 1,
    year    = 2010,
    pages   = "171--184",
    issn    = {0362-1340},
    url     = {http://doi.acm.org/10.1145/1707801.1706322},
    publisher = "ACM",
    address   = "New York, NY, USA",
}



%% ~~~~~~~~~~~~~~~~~~~~~~~~~~~~~~~~~~~~~~~~~~~~~~~~~~~~~~~~~~~~~
%% ~~~~~~~~~~~~~~~~~~~~~~~~~~~~~~~~~~~~~~~~~~~~~~~~~~~~~~~~ fin.
