
%% ~~~~~~~~~~~~~~~~~~~~~~~~~~~~~~~~~~~~~~~~~~~~~~~~~~~~~~~~~~~~~
%% ~~~~~ Lexical differences, multi-lingual ontologies and cross-lingual information retrieval

% TODO: try s/%7E/~/
@InProceedings{ Carpuat2002,
	author = "M. Carpuat and G. Ngai and P. Fung and K. W. Church",
	title  = "Creating a bilingual ontology: a corpus-based approach for aligning {W}ord{N}et and {H}ow{N}et",
	year   = 2002,
	booktitle = "First Global WordNet Conference",
	url = {http://www.ee.ust.hk/%7Epascale/Publications/conference/2002/GWNC2002.pdf},
}

@InProceedings{ Espinoza2008,
	author = "M. Espinoza and A. G. P\'{e}rez and E. Mena",
	title  = "Enriching an ontology with multilingual information",
	year   = 2008,
	booktitle = "Fourth European Semantic Web Conference",
	url = {http://www.eswc2008.org/final-pdfs-for-web-site/onl-3.pdf},
}

@InProceedings{ Fellbaum2007,
	author = "C. Fellbaum and P. Vossen",
	title  = "Connecting the universal to the specific: towards the {G}lobal {G}rid",
	year   = 2007,
	booktitle = "First International Workshop on Intercultural Collaboration (IWIC 2007)",
	url = {http://www.vossen.info/docs/2007/IWIC%202007.pdf},
}

@InProceedings{ Huang2008,
	author = "C-R. Huang and W-Y. Lin and J-F. Hong and I-L. Su",
	title  = "The nature of cross-lingual lexical semantic relations: a preliminary study based on {E}nglish--{C}hinese translation equivalents",
	year   = 2008,
	booktitle = "Third Global WordNet Conference",
	url = {http://nlpweb.kaist.ac.kr/gwc/pdf2006/56.pdf},
}

@InProceedings{ Ma2004,
	author = "N. Ma and Y. Yang and M. Rogati",
	title  = "Cross-lingual event tracking",
	year   = 2004,
	booktitle = "Asia Information Retrieval Symposium (AIRS)",
	url = {http://www.cs.cmu.edu/~mrogati/pubs/cledt.pdf},
}

% http://bert.lib.indiana.edu:4385/doi/pdfplus/10.1515/COG.2007.005
@Article{ Majid2007:cut-break,
	author  = "Asifa Majid and Melissa Bowerman and Miriam van~Staden and James S. Boster",
	title   = "The semantic categories of cutting and breaking events: A crosslinguistic perspective",
	year    = 2007,
	journal = "Cognitive Linguistics",
	volume  = 18,
	pages   = "133--152",
}

@InProceedings{ Nguyen2008,
	author = "D. Nguyen and A. Overwijk and D. Hauff and R. B. Trieschnigg and D. Hiemstra and F. M.~G. de~Jong",
	title  = "Wiki{T}ranslate: Query translation for cross-lingual information retrieval using only {W}ikipedia",
	year   = 2008,
	booktitle = "CLEF 2008 Workshop",
	url = {http://www.clef-campaign.org/2008/working_notes/nguyen-paperCLEF2008.pdf},
}

@InCollection{ Oard2009,
	author = "D. W. Oard",
	title  = "Multilingual information access",
	year   = 2009,
	editor    = "M. J. Bates and M. N. Maack",
	booktitle = "Encyclopedia of Library and Information Sciences (3rd Ed.)",
	publisher = "Taylor and Francis",
	url = {http://terpconnect.umd.edu/~oard/pdf/elis09.pdf},
}

% http://bert.lib.indiana.edu:2325/ft_gateway.cfm?id=873744&type=pdf&coll=GUIDE&dl=GUIDE&CFID=16158606&CFTOKEN=47266016
@Article{ Ploux2003,
	author  = "S. Ploux and H. Ji",
	title   = "A model for matching semantic maps between languages ({F}rench/{E}nglish, {E}nglish/{F}rench)",
	year    = 2003,
	journal = "Computational Linguistics",
	volume  = 29,
	pages   = "155--178",
}

@InProceedings{ Pouliquen2004,
	author = "B. Pouliquen and R. Steinberger and C. Ignat and E. K\"{a}sper and I. Temnikova",
	title  = "Multilingual and cross-lingual news topic tracking",
	year   = 2004,
	booktitle = "COLING 2004",
	url = {http://www.aclweb.org/anthology/C/C04/C04-1138.pdf},
}

@InProceedings{ Rogati2004,
	author = "M. Rogati and Y. Yang",
	title  = "Resource selection for domain specific {CLIR}",
	year   = 2004,
	booktitle = "ACM SIGIR 2004",
	url = {http://nyc.lti.cs.cmu.edu/yiming/Publications/rogati-sigir04.PDF},
}

% [MS Word zipped] http://www.qualeg.eupm.net/Documents/Deliverables/WorkPackage3:%20QUALEG%20Solution/Deliverable_D3.6%20-%20Ontology-Based%20Knowledge%20Sharing%20in%20Multilingual%20eGovernment%20Environments/D3_6_-_Research_Report_on_Ontology-Based_Knowledge_Sharing_in_Multilingual_eGovernment_Environments.zip
TECHNION
2006
Ontology-based knowledge sharing in multilingual e{G}overnment environments
Quality of Service and Legimitacy in eGovernment, Project IST-507767.

@InProceedings{ Vossen2008,
	author = "P. Vossen and E. Agirre and N. Calzolari and C. Fellbaum and S-K. Hsieh and C-R. Huang and H. Isahara and K. Kanzaki and A. Marchetti and M. Monachini and F. Neri and R. Raffaelli and G. Rigau and M. Tesconi and J. VanGent",
	title  = "{KYOTO}: a system for mining, structuring, and distributing knowledge across languages and cultures",
	year   = 2008,
	booktitle = "Fourth Global WordNet Conference",
	url = {http://cwn.ling.sinica.edu.tw/churen/2008kyoto.gwa.pdf},
}

@Article{ Welty2001,
	author  = "C. Welty and N. Guarino",
	title   = "Supporting ontological analysis of taxonomic relationships",
	year    = 2001,
	journal = "Data and Knowledge Engineering",
	volume  = 39,
	pages   = "51--74",
	doi = "10.1.1.20.9109",
	url = {},
}
% http://citeseerx.ist.psu.edu/viewdoc/download?doi=10.1.1.20.9109&rep=rep1&type=pdf


%% ~~~~~~~~~~~~~~~~~~~~~~~~~~~~~~~~~~~~~~~~~~~~~~~~~~~~~~~~~~~~~
%% ~~~~~ Translation

% http://www.aclweb.org/anthology/P/P08/P08-1087.pdf
E. Avramidis and P. Koehn
2008
Enriching morphologically poor languages for statistical machine translation
ACL08
763--770

@Article{ Brown1993,
	author  = "P. F. Brown and S. A. Della~Petra and V. J. Della~Petra and R. L. Mercer",
	title   = "The mathematics of statistical machine translation: parameter estimation",
	year    = 1993,
	journal = "Computational Linguistics",
	volume  = 19,
	pages   = "263--311",
	url = {http://acl.ldc.upenn.edu/J/J93/J93-2003.pdf},
}

% TODO: try s/%7E/~/
@InProceedings{ Brown2001,
	author = "R. D. Brown",
	title  = "Transfer-rule induction for example-based translation",
	year   = 2001,
	booktitle = "Workshop on Example-Based Machine Translation, Machine Translation Summit XIII",
	url = {http://www.iai.uni-sb.de/%7Ecarl/ebmt-workshop/rb.pdf},
}

@InProceedings{ Byrne2003,
	author = "W. Byrne and S. Khudanpur and W. Kim and S. Kumar and P. Pecina and P. Virga and P. Xu and D. Yarowsky",
	title  = "The {J}ohns {H}opkins {U}niversity 2003 {C}hinese--{E}nglish Machine Translation System",
	year   = 2003,
	booktitle = "MT Summit IX",
	url = {http://www.amtaweb.org/summit/MTSummit/FinalPapers/75-Byrne-final.pdf},
}

@InProceedings{ Cahill2009,
	author = "P. Cahill and J. Du and J. Berndsen and A. Way",
	title  = "Using same-language machine translation to create alternative target sequences for text-to-speech synthesis",
	year   = 2009,
	booktitle = "Interspeech 2009",
	url = {http://www.compapp.dcu.ie/~away/PUBS/2009/Interspeech.pdf},
}

% TODO: try s/%7E/~/
@InProceedings{ Carl2001,
	author = "M. Carl",
	title  = "Inducing translation grammars from bracketed alignments",
	year   = 2001,
	booktitle = "Workshop on Example-Based Machine Translation, Machine Translation Summit XIII",
	url = {http://www.iai.uni-sb.de/%7Ecarl/ebmt-workshop/mc.pdf},
}

@InProceedings{ Carpuat2007,
	author = "M. Carpuat and Dekai Wu",
	title  = "Improving statistical machine translation using word sense disambiguation",
	year   = 2007,
	booktitle = "EMNLP-CoNLL 2007",
	url = {http://www.aclweb.org/anthology-new/D/D07/D07-1007.pdf},
}

% http://bert.lib.indiana.edu:2920/doi/pdfplus/10.1162/089120104323093294
@Article{ Casacuberta2004,
	author  = "F. Casacuberta and E. Vidal",
	title   = "Machine translation with inferred stochastic finite-state transducers",
	year    = 2004,
	journal = "Computational Linguistics",
	volume  = 30,
	pages   = "205--225",
}

% TODO: try s/%7E/~/
@Article{ Cheung2005,
	author  = "P. Cheung and P. Fung",
	title   = "Translation disambiguation in mixed language queries",
	year    = 2005,
	journal = "Machine Translation",
	volume  = 18,
	pages   = "251--273",
	url = {http://www.ee.ust.hk/%7Epascale/Publications/journal/MTJ-TDMLQ-2005.pdf},
}

% http://bert.lib.indiana.edu:2920/doi/pdfplus/10.1162/coli.2007.33.2.201
@Article{ Chiang2007,
	author  = "David Chiang",
	title   = "Hierarchical phrase-based translation",
	year    = 2007,
	journal = "Computational Linguistics",
	volume  = 33,
	pages   = "201--228",
}

% [Word] http://personalpages.manchester.ac.uk/staff/harold.somers/Carl-Way-ch2.doc
@InCollection{ Collins2003,
	author = "B. Collins and H. Somers",
	title  = "{EBMT} seen as case-based reasoning",
	year   = 2003,
	pages  = "115--153",
	editor    = "M. Carl and A. Way",
	booktitle = "Recent advances in example-based machine translation",
	publisher = "Kluwer",
	address   = "Dordrecht",
}

@InProceedings{ DeNeefe2009,
	author = "S. DeNeefe and Kevin Knight",
	title  = "Synchronous tree adjoining machine translation",
	year   = 2009,
	booktitle = "2009 Conference on Empirical Methods in Natural Language Processing",
	url = {http://www.aclweb.org/anthology-new/D/D09/D09-1076.pdf},
}

@InProceedings{ Etzioni2007,
	author = "O. Etzioni and K. Reiter and S. Soderland and M. Sammer",
	title  = "Lexical translation with application to image search on the Web",
	year   = 2007,
	booktitle = "MT Summit XI",
	url = {http://turing.cs.washington.edu/papers/EtzioniMTSummit07.pdf},
}

% http://bert.lib.indiana.edu:2161/content/7261427862m74195/fulltext.pdf
@Article{ Fujita2008,
	author  = "S. Fujita and J. Bond",
	title   = "A method of creating new valence entries",
	year    = 2008,
	journal = "Machine Translation",
	volume  = 21,
	pages   = "1--28",
}

% TODO: try s/%7E/~/
% http://www.ee.ust.hk/%7Epascale/Publications/conference/2006/FungChengACL2006Proc.pdf
P. Fung and B. Chen
2006
Robust word sense translation by {EM} learning of frame semantics
ACL/COLING 2006
239--246

@InProceedings{ Gamallo2007,
	author = "P. Gamallo",
	title  = "Learning bilingual lexicons from comparable {E}nglish and {S}panish corpora",
	year   = 2007,
	booktitle = "Machine Translation Summit XI",
	url = {http://www.mt-archive.info/MTS-2007-Gamallo-Otero.pdf},
}

@InProceedings{ Huang2007,
	author = "F. Huang and K. Papineni",
	title  = "Hierarchical system combination for machine translation",
	year   = 2007,
	booktitle = "EMNLP-CoNLL 2007",
	url = {http://www.aclweb.org/anthology-new/D/D07/D07-1029.pdf},
}

@Article{ Graehl2008,
	author  = "J. Graehl and Kevin Knight and J. May",
	title   = "Training tree transducers",
	year    = 2008,
	journal = "Computational Linguistics",
	volume  = 34,
	pages   = "391--428",
	url = {http://www.mitpressjournals.org/doi/pdfplus/10.1162/coli.2008.07-051-R2-03-57},
}

@InProceedings{ Koehn2002,
	author = "P. Koehn and F. J. Och and D. Marcu",
	title  = "Statistical phrase-based translation",
	year   = 2002,
	booktitle = "DARPA IAO Machine Translation Workshop",
	url = {http://isi.edu/~marcu/papers/phrases-hlt2003.pdf},
}

@InProceedings{ Knight1999,
	author = "Kevin Knight",
	title  = "A statistical {MT} tutorial workbook",
	year   = 1999,
	booktitle = "Summer 1999 Workshop on Statistical Machine Translation",
	location = "Center for Language and Speech Processing, Johns Hopkins University",
	url = {http://www.isi.edu/natural-language/mt/wkbk.pdf},
}

% http://bert.lib.indiana.edu:2920/doi/abs/10.1162/089120103322711587
@Article{ Kraaij2003,
	author  = "W. Kraaij and J-Y. Nie and M. Simard",
	title   = "Embedding Web-based statistical translation models in cross-language information retrieval",
	year    = 2003,
	journal = "Computational Linguistics",
	volume  = 29,
	pages   = "381--419",
}

@InProceedings{ Kumar2004,
	author = "S. Kumar and W. Byrne",
	title  = "Minimum {B}ayes-risk decoding for statistical machine translation",
	year   = 2004,
	booktitle = "HLT-NAACL 2004",
	doi = "10.1.1.57.9576",
	url = {},
}
% http://citeseerx.ist.psu.edu/viewdoc/download;jsessionid=DB22B1EDF540472E2905A8A87D0A850A?doi=10.1.1.57.9576&rep=rep1&type=url&i=0

% http://bert.lib.indiana.edu:2920/doi/pdfplus/10.1162/089120104773633367
@Article{ HLi2004,
	author  = "H. Li and C. Li",
	title   = "Word translation disambiguation using bilingual bootstrapping",
	year    = 2004,
	journal = "Computational Linguistics",
	volume  = 30,
	pages   = "1--22",
}

@InProceedings{ Marcu2006,
	author = "D. Marcu and W. Wang and A. Echihabi and Kevin Knight",
	title  = "{SPMT}: statistical machine translation with syntactified target language phrases",
	year   = 2006,
	booktitle = "EMNLP 2006",
	url = {http://www.aclweb.org/anthology-new/W/W06/W06-1606.pdf},
}

% http://bert.lib.indiana.edu:2920/doi/pdfplus/10.1162/coli.2006.32.4.527
@Article{ Marino2006,
	author  = "J. B. Mari\~{n}o and R. E. Banchs and J. M. Crego and A. de~Gispert and P. Lambert and J. A.~R. Fonollosa and M. R. Costa-juss\'{a}",
	title   = "N-gram based machine translation",
	year    = 2006,
	journal = "Computational Linguistics",
	volume  = 32,
	pages   = "527--549",
}

% TODO: try s/%7E/~/
@InProceedings{ McTait2001,
	author = "K. McTait",
	title  = "Linguistic knowledge and complexity in an {EMBT} system based on translation patterns",
	year   = 2001,
	booktitle = "Workshop on Example-Based Machine Translation, Machine Translation Summit XIII",
	url = {http://www.iai.uni-sb.de/%7Ecarl/ebmt-workshop/km.pdf},
}

% http://bert.lib.indiana.edu:2161/content/65168x2q94181446/fulltext.pdf
@Article{ Mitkov2007,
	author  = "R. Mitkov and V. Pekar and D. Blagoev and A. Mulloni",
	title   = "Methods for extracting and classifying pairs of cognates and false friends",
	year    = 2007,
	journal = "Machine Translation",
	volume  = 21,
	pages   = "29--53",
}

% http://bert.lib.indiana.edu:2920/doi/pdfplus/10.1162/089120105775299168
@Article{ Munteanu2006,
	author  = "D. S. Munteanu and D. Marcu",
	title   = "Improving machine translation performance by exploiting non-parallel corpora",
	year    = 2006,
	journal = "Computational Linguistics",
	volume  = 32,
	pages   = "477--504",
}

% http://bert.lib.indiana.edu:2920/doi/pdfplus/10.1162/089120104323093285
@Article{ Niessen2004,
	author  = "S. Nie{\ss}en and H. Ney",
	title   = "Statistical machine translation with scarce resources using morpho-syntactic information",
	year    = 2004,
	journal = "Computational Linguistics",
	volume  = 30,
	pages   = "181--204",
}

% http://www.aclweb.org/anthology/P/P03/P03-1021.pdf
F. J. Och
2003
Minimum error rate training in statistical machine translation
ACL03

% http://bert.lib.indiana.edu:2920/doi/pdfplus/10.1162/0891201042544884
@Article{ Och2004,
	author  = "F. J. Och and H. Ney",
	title   = "The alignment template approach to statistical machine translation",
	year    = 2004,
	journal = "Computational Linguistics",
	volume  = 30,
	pages   = "417--449",
}

% http://bert.lib.indiana.edu:2161/content/5654714411023000/fulltext.pdf
@Article{ Pekar2006,
	author  = "V. Pekar and R. Mitkov and D. Blagoev and A.Mulloni",
	title   = "Finding translations for low-frequency words in comparable corpora",
	year    = 2006,
	journal = "Machine Translation",
	volume  = 20,
	pages   = "247--266",
}

@InProceedings{ Sammer2007,
	author = "M. Sammer and S. Soderland",
	title  = "Building a sense-distinguished multilingual lexicon from monolingual corpora and bilingual lexicons",
	year   = 2007,
	booktitle = "MT Summit XI",
	url = {http://turing.cs.washington.edu/papers/SammerMTSummit07.pdf},
}

% http://libinshen.net/Documents/acl08.pdf
L. Shen and J. Xu and R. Weischedel
2008
A new string-to-dependency machine translation algorithm with a target dependency language model
ACL08

@InProceedings{ Shieber2007,
	author = "S. Shieber",
	title  = "Probabilistic synchronous tree-adjoining grammars for machine translation: the argument from bilingual dictionaries",
	year   = 2007,
	booktitle = "Workshop on Syntax and Structure in Statistical Translation, NAACL-HLT 2007",
	url = {http://www.eecs.harvard.edu/~shieber/Biblio/Papers/stag-mt-basis.pdf},
}

% [Word] http://personalpages.manchester.ac.uk/staff/harold.somers/Carl-Way-ch4.doc
@InCollection{ Somers2003,
	author = "H. Somers",
	title  = "An overview of {EBMT}",
	year   = 2003,
	pages  = "3--57",
	editor    = "M. Carl and A. Way",
	booktitle = "Recent advances in example-based machine translation",
	publisher = "Kluwer",
	address   = "Dordrecht",
}

@InProceedings{ Utsuro2004,
	author = "T. Utsuro and K. Hino and M. Kida and S. Nakagawa and S. Sato",
	title  = "Integrating cross-lingually relevant news articles and monolingual web documents in bilingual lexicon acquisition",
	year   = 2004,
	booktitle = "COLING 2004",
	url = {http://acl.ldc.upenn.edu/C/C04/C04-1149.pdf},
}

% TODO: try s/%7E/~/
@InProceedings{ Zollmann2006,
	author = "A. Zollmann and A. Venugopal",
	title  = "Syntax augmented machine translation via chart parsing",
	year   = 2006,
	booktitle = "NAACL 2006, Workshop on Statistical Machine Translation",
	url = {http://www.cs.cmu.edu/%7Ezollmann/publications/wmt06samt.pdf},
}


%% ~~~~~~~~~~~~~~~~~~~~~~~~~~~~~~~~~~~~~~~~~~~~~~~~~~~~~~~~~~~~~
%% ~~~~~ Computer-assisted language learning

@InProceedings{ Amaral2007,
	author = "L. Amaral and D. Meurers",
	title  = "Conceptualizing student models for {ICALL}",
	year   = 2007,
	booktitle = "User Modeling 2007",
	url = {http://www.sfs.uni-tuebingen.de/~dm/papers/amaral-meurers-um07.pdf},
}

@Article{ Nagata2002,
	author  = "Noriko Nagata",
	title   = "{BANZAI}: An application of Natural Language Processing to Web based language learning",
	year    = 2002,
	journal = "CALICO Journal",
	volume  = 19,
	pages   = "583--599",
	url = {http://www.usfca.edu/japanese/CALICO02.pdf},
}

% http://www.lti.cs.cmu.edu/Research/Tech%20Reports/CMU-LTI-07-009%20Text-to-Speech%20in%20Vocabulary%20Acquisition%20and%20Student%20Knowledge%20Models%20-%20a%20Classroom%20Study%20Using%20the%20REAP%20Intelligent%20Tutoring%20System.pdf
C. Sisson
2007
Text-to-speech in vocabulary acquisition and student knowledge models: a classroom study using the {REAP} intelligent tutoring system
Language Technologies Institute, Carnegie Mellon University, Technical report CMU-LTI-07-009


%% ~~~~~~~~~~~~~~~~~~~~~~~~~~~~~~~~~~~~~~~~~~~~~~~~~~~~~~~~~~~~~
%% ~~~~~ Lexical semantics

% http://bert.lib.indiana.edu:2920/doi/pdfplus/10.1162/coli.2007.33.4.553
@Article{ McCarthy2007,
	author  = "D. McCarthy and R. Koeling and J. Weeds and J. Carroll",
	title   = "Unsupervised acquisition of predominant word senses",
	year    = 2007,
	journal = "Computational Linguistics",
	volume  = 33,
	pages   = "553--590",
}

% http://bert.lib.indiana.edu:2920/doi/pdfplus/10.1162/coli.2007.33.2.161
@Article{ Pado2007,
	author  = "S. Pad\'{o} and M. Lapata",
	title   = "Dependency-based construction of semantic space models",
	year    = 2007,
	journal = "Computational Linguistics",
	volume  = 33,
	pages   = "161--199",
}

% http://bert.lib.indiana.edu:2920/doi/pdfplus/10.1162/coli.2006.32.3.379
@Article{ Turney2006,
	author  = "P. D. Turney",
	title   = "Similarity of semantic relations",
	year    = 2006,
	journal = "Computational Linguistics",
	volume  = 32,
	pages   = "379--416",
}


%% ~~~~~~~~~~~~~~~~~~~~~~~~~~~~~~~~~~~~~~~~~~~~~~~~~~~~~~~~~~~~~
%% ~~~~~ Bilingual lexicons

% (username: nlp, password: neno) http://www.cs.indiana.edu/~gasser/Unpub/dijkstraVanHeuven.pdf
@Article{ Dijkstra2002,
	author  = "A. Dijkstra and W. J.~B. Van~Heuven",
	title   = "The architecture of the bilingual word recognition system: From identification to decision",
	year    = 2002,
	journal = "Bilingualism: Language and Cognition",
	volume  = 5,
	pages   = "175--197",
}

% http://bert.lib.indiana.edu:2125/science?_ob=MImg&_imagekey=B6VH9-4BFVSFT-1-5&_cdi=6061&_user=1105409&_orig=browse&_coverDate=02%2F29%2F2004&_sk=999919997&view=c&wchp=dGLbVzz-zSkWA&md5=fe22adf2c840666acd8674f3fffcf4c0&ie=/sdarticle.pdf
@Article{ French2004,
	author  = "R. French and M. Jacquet",
	title   = "Understanding bilingual memory: models and data",
	year    = 2004,
	journal = "Trends in Cognitive Sciences",
	volume  = 8,
	pages   = "87--93",
}

% http://bert.lib.indiana.edu:2125/science?_ob=MImg&_imagekey=B6VH9-4FP1J9X-2-1&_cdi=6061&_user=1105409&_orig=browse&_coverDate=05%2F31%2F2005&_sk=999909994&view=c&wchp=dGLzVlz-zSkWb&md5=46711d06cb196eff6ab83b0d1c640bd3&ie=/sdarticle.pdf
@Article{ Hernandez2005,
	author  = "A. Hernandez and P. Lee and B. MacWhinney",
	title   = "The emergence of competing models in bilingualism",
	year    = 2005,
	journal = "Trends in Cognitive Sciences",
	volume  = 9,
	pages   = "220--225",
}

@Article{ Kroll2008,
	author  = "J. F. Kroll",
	title   = "Juggling two languages in one mind",
	year    = 2008,
	journal = "Psychological Science Agenda",
	volume  = 22,
	number  = 1,
	url = {http://www.apa.org/science/psa/kroll.html},
}

% http://books.google.com/books?id=bBtoRJ2ftOgC&dq=handbook+bilingualism+kroll&pg=PP1&ots=g5Ys8bbxWT&sig=D1Is94SXq54RFvkNBUdLtKX0gGs&hl=en&sa=X&oi=book_result&resnum=1&ct=result#PPA212,M1
@InCollection{ Thomas2005,
	author = "M. S.~C. Thomas and W. Van~Heuven",
	title  = "Computational models of bilingual comprehension",
	year   = 2005,
	editor    = "J. F. Kroll and A. M.~B. De~Groot",
	booktitle = "Handbook of bilingualism: psycholinguistic approaches",
	publisher = "Oxford University Press",
}

%% ~~~~~~~~~~~~~~~~~~~~~~~~~~~~~~~~~~~~~~~~~~~~~~~~~~~~~~~~~~~~~
%% ~~~~~~~~~~~~~~~~~~~~~~~~~~~~~~~~~~~~~~~~~~~~~~~~~~~~~~~~~~~~~
