@STRING{linguistische-arbeiten = {Linguistische Arbeiten}}
@STRING{BerlinNewYork  = {Berlin and New York}}
@STRING{Tuebingen = {T\"u\-bing\-en}}
@STRING{Niemeyer = {Max Niemeyer Verlag}}
@STRING{Sydney  = {Syndey}}
@STRING{Kyoto  = {Kyoto}}
@STRING{AcadPressAddress  = {New York}}, et al.}}
@STRING{CSLI =     {CSLI Publications}}
@STRING{syntax-and-semantics = {Syntax and Semantics}}
@STRING{ColumbusOH  = {Columbus, OH}}
@STRING{Stanford  = {Stanford, CA}}
@STRING{MoutonDeGruyter = {Mouton de Gruyter}}
@STRING{Edinburgh = {Edinburgh}}
@STRING{AcademicPress = {Academic Press}}
@STRING{Berlin  = {Berlin}}
@STRING{Amherst  = {Amherst, MA}}
@string{sowpan = "Slawistyczny O\'srodek Wydawniczy PAN"}
@string{warsaw = "Warsaw"}
@STRING{Kluwer =   {Kluwer Academic Publishers}}
@STRING{Dordrecht = {Dordrecht}}

@InProceedings{foster:van-genabith:08,
  author =       {Jennifer Foster and Josef van Genabith},
  title =        {Parser Evaluation and the BNC: Evaluating 4 constituency parsers with 3 metrics},
  booktitle =    {Proceedings of the 6th Language Resources and 
                  Evaluation Conference (LREC 2008)},
  address =      {Marrakech, Morocco},
  pages =        {},
  year =         {2008}
}

@PhdThesis{dubey:04,
  author = 	 {Amit Dubey},
  title = 	 {Statistical Parsing for German: Modeling syntactic properties and annotation differences},
  school = 	 {Saarland University},
  year = 	 {2004},
  address = 	 {Germany}
}

@InProceedings{dickinson:08,
  author =       {Markus Dickinson},
  title =        {Ad Hoc Treebank Structures},
  booktitle = {Proceedings of ACL-08},
  pages=         {},
  address =      {Columbus, OH},
  year =         {2008}
}

@InProceedings{hockenmaier:06,
  author    = {Hockenmaier, Julia},
  title     = {Creating a {CCGbank} and a Wide-Coverage {CCG} Lexicon for {German}},
  booktitle = {Proceedings of the 21st International Conference on Computational Linguistics and 44th Annual Meeting of the Association for Computational Linguistics},
  month     = {July},
  year      = {2006},
  address   = {Sydney, Australia},
  publisher = {Association for Computational Linguistics},
  pages     = {505--512},
  url       = {http://www.aclweb.org/anthology/P06-1064},
  doi       = {10.3115/1220175.1220239}
}

@InCollection{volk:96,
  author = 	 {Martin Volk},
  title = 	 {Parsing with ID/LP and PS rules},
  booktitle = 	 {Natural Language Processing and Speech Technology. Results of the 3rd KONVENS Conference (Bielefeld)},
  pages = 	 {342--353},
  publisher = {Mouton de Gruyter},
  year = 	 {1996},
  address = 	 {Berlin}
}

@Book{gazdar-et-al:85,
  author = 	 {Gerald Gazdar and Ewan Klein and Geoffrey K. Pullum and Ivan A. Sag},
  title = 	 {Generalized Phrase Structure Grammar},
  publisher = 	 {Harvard University Press},
  year = 	 {1985},
  address = 	 {Cambridge, MA}
}

@InProceedings{daniels:meurers:04,
  author =  {Mike Daniels and W. Detmar Meurers},
  title =  {GIDLP: A Grammar Format for Linearization-Based HPSG},
  booktitle =  {Proceedings of the Eleventh Int. Conference on HPSG},
  year = {2004},
  address = {Stanford},
  pages = {93--111},
  publisher = {CSLI Publications}
}

@InProceedings{boyd:07,
  author    = {Boyd, Adriane},
  title     = {Discontinuity Revisited: An Improved Conversion to Context-Free Representations},
  booktitle = {Proceedings of the Linguistic Annotation Workshop},
  month     = {June},
  year      = {2007},
  address   = {Prague, Czech Republic},
  publisher = {Association for Computational Linguistics},
  pages     = {41--44},
  url       = {http://www.aclweb.org/anthology/W/W07/W07-1506.pdf}
}

@TechReport{santorini:90,
  author =       {Santorini, Beatrice},
  title =        {Part-Of-Speech Tagging Guidelines for the {P}enn
                  {T}reebank Project (3rd Revision, 2nd printing)},
  institution =  {The University of Pennsylvania},
  number =       {MS-CIS-90-47},
  address =      {Philadelphia, PA},
  year =         1990,
  month =        {June}
}

@InProceedings{habash-et-al:07,
  author    = {Habash, Nizar  and  Gabbard, Ryan  and  Rambow, Owen  and  Kulick, Seth  and  Marcus, Mitch},
  title     = {Determining Case in {A}rabic: Learning Complex Linguistic Behavior Requires Complex Linguistic Features},
  booktitle = {Proceedings of EMNLP-CoNLL},
  year      = {2007},
  pages     = {1084--1092}
}

@InProceedings{hogan:07,
  author    = {Hogan, Deirdre},
  title     = {Coordinate Noun Phrase Disambiguation in a Generative Parsing Model},
  booktitle = {Proceedings of ACL-07},
  year      = {2007},
  address   = {Prague},
  pages     = {680--687}
}

@InProceedings{vadas:curran:07,
  author    = {Vadas, David  and  Curran, James},
  title     = {Adding Noun Phrase Structure to the Penn Treebank},
  booktitle = {Proceedings of ACL-07},
  year      = {2007},
  address   = {Prague},
  pages     = {240--247}
}

@InProceedings{kveton:oliva:02,
  author =       {Pavel Kv\v{e}ton and Karel Oliva},
  title =        {Achieving an Almost Correct PoS-Tagged Corpus},
  booktitle =    {Text, Speech and Dialogue (TSD)},
  year =         2002,
  pages =        {19--26}
}

@InProceedings{foth:menzel:06,
  author =       {Kilian Foth and Wolfgang Menzel},
  title =        {Robust Parsing: More with Less},
  booktitle =    {Proceedings of the workshop on Robust Methods in Analysis of Natural Language Data (ROMAND 2006)},
  year =         {2006}
}

@inproceedings{tang-et-al:02,
    author = {Min Tang and Xiaoqiang Luo and Salim Roukos},
    title = {Active Learning for Statistical Natural Language Parsing},
    booktitle = {Proceedings of ACL-02},
    pages = {120--127},
    year = {2002},
    address = {Philadelphia}
}

@Article{menzel:schroder:99,
  author =       {Menzel, W. and I. Schr\"oder},
  title =        {Error Diagnosis for Language Learning Systems},
  journal =      {ReCALL},
  year =         1999,
  pages =        {20--30},
  month =        {May}
}

@Article{reuer:03,
  author =       {Veit Reuer},
  title =        {Error recognition and feedback with {L}exical {F}unctional {G}rammar},
  journal =      {{CALICO} Journal},
  year =         2003,
  volume =       20,
  number =       3,
  pages =        {497--512}
}

@InProceedings{schneider:mccoy:98,
  author =  {David A. Schneider and Kathleen F. McCoy},
  title =  {Recognizing Syntactic Errors in the Writing of Second Language Learners},
  pages = {1198--1204},
  booktitle = {Proceedings of ACL-98},
  year =                  1998,
  address =               {Montreal}
}

@PhdThesis{vandeventer:03:thesis,
  author =       {Vandeventer Faltin, Anne},
  title =        {Syntactic error diagnosis in the context of computer assisted language learning},
  school =       {Universit\'e de Gen\`eve},
  year =         2003,
  address =      {Gen\`eve},
  type =         {Th\`ese de doctorat}
}

@InProceedings{kudo-et-al:05,
  author =       {Taku Kudo and Jun Suzuki and Hideki Isozaki},
  title =        {Boosting-based parse reranking with subtree features},
  booktitle =    {Proceedings of ACL-05},
  address =      {Ann Arbor, MI, USA},
  pages =        {189--196},
  year =         {2005}
}

@InProceedings{charniak:johnson:05,
  author =       {Eugene Charniak and Mark Johnson},
  title =        {Coarse-to-fine $n$-best parsing and MaxEnt discriminative reranking},
  booktitle =    {Proceedings of ACL-05},
  address =      {Ann Arbor, MI, USA},
  pages =        {173--180},
  year =         {2005},
  url = {http://aclweb.org/anthology-new/P/P05/P05-1022.pdf}
}

@Article{collins:koo:05,
  author =       {Michael Collins and Terry Koo},
  title =        {Discriminative Reranking for Natural Language Parsing},
  journal =      {Computational Linguistics},
  year =         {2005},
  volume =       {31},
  number =       {1},
  pages =        {25--69},
  url = {http://aclweb.org/anthology-new/J/J05/J05-1003.pdf}
}

@InProceedings{klein:manning:03,
  author    = {Dan Klein  and  Christopher D. Manning},
  title     = {Accurate Unlexicalized Parsing},
  booktitle = {Proceedings of the 41st Annual Meeting of the Association for Computational Linguistics},
  month     = {July},
  year      = {2003},
  address   = {Sapporo, Japan},
  publisher = {Association for Computational Linguistics},
  pages     = {423--430},
  url       = {http://www.aclweb.org/anthology/P03-1054},
  doi       = {10.3115/1075096.1075150}
}

@InProceedings{haghighi:klein:06,
  author =       {Aria Haghighi and Dan Klein},
  title =        {Prototype-Driven Grammar Induction},
  booktitle =    {Proceedings of ACL-06},
  address =      {Sydney},
  pages =        {881--888},
  year =         {2006}
}

@incollection{wallis:03,
      author = {Sean Wallis},
      title =  {Completing Parsed Corpora},
      crossref={abeille:treebanks:03},
      pages = {61-71},
      annote = {Deals with "transverse correction" as opposed to "longitudinal"}
}

@Book{abeille:treebanks:03,
  editor =       {Anne Abeill\'e},
  booktitle =    {Treebanks: Building and using syntactically annoted corpora},
  title =        {Treebanks: Building and using syntactically annoted corpora},
  publisher =    Kluwer,
  year =         2003,
  address =               Dordrecht
}

@InProceedings{petrov-et-al:06,
  author    = {Petrov, Slav  and  Barrett, Leon  and  Thibaux, Romain  and  Klein, Dan},
  title     = {Learning Accurate, Compact, and Interpretable Tree Annotation},
  booktitle = {Proceedings of the 21st International Conference on Computational Linguistics and 44th Annual Meeting of the Association for Computational Linguistics},
  month     = {July},
  year      = {2006},
  address   = {Sydney, Australia},
  publisher = {Association for Computational Linguistics},
  pages     = {433--440},
  url       = {http://www.aclweb.org/anthology/P06-1055},
  doi       = {10.3115/1220175.1220230}
}

@inproceedings{gildea:01,
  title = {Corpus Variation and Parser Performance},
  author = {Daniel Gildea},
  year = {2001},
  booktitle = {Proceedings of EMNLP-01},
  address = {Pittsburgh, PA}
}

@inproceedings{sekine:97,
  title = {The Domain Dependence of Parsing},
  author = {Satoshi Sekine},
  booktitle = {Proceedings of ANLP-96},
  year = {1997},
  address = {Washington, DC}
}

@inproceedings{krotov-et-al:98,
    author = "Alexander Krotov and Mark Hepple and Robert J. Gaizauskas and Yorick Wilks",
    title = "Compacting the Penn Treebank Grammar",
    booktitle = "Proceedings of ACL-98",
    pages = "699-703",
    year = "1998"
}

@techreport{charniak:96,
 author = {Eugene Charniak},
 title = {Tree-Bank Grammars},
 year = {1996},
 number = {CS-96-02},
 institution = {Department of Computer Science, Brown University},
 address = {Providence, RI}
}

@Manual{bies-et-al:95,
  title =        {Bracketing Guidelines for Treebank II Style
                  Penn Treebank Project},
  author =       {Ann Bies and Mark Ferguson and Karen Katz and Robert MacIntyre},
  organization = {University of Pennsylvania},
  year =         {1995}
}

@Article{marcus-et-al:93,
  author =       {M. Marcus and Beatrice Santorini and
                  M. A. Marcinkiewicz},
  title =        {Building a large annotated corpus of {E}nglish: The
                  {P}enn {T}reebank},
  journal =      {Computational Linguistics},
  year =         1993,
  volume =       19,
  number =       2,
  pages =        {313-330}
}

@Book{jackendoff:77,
  author =       {Ray Jackendoff},
  title =        {X' Syntax: A Study of Phrase Structure},
  publisher =    {MIT Press},
  address =      {Cambridge, MA},
  year =         {1977}
}

@InProceedings{ule:simov:04,
  author =       {Tylman Ule and Kiril Simov},
  title =        {Unexpected Productions May Well be Errors},
  booktitle =    {Proceedings of {LREC} 2004},
  year =         {2004},
  address =      {Lisbon, Portugal},
  pages = {1795-1798}
}

@InProceedings{eskin:00,
  author =       {Eleazar Eskin},
  title =        {Automatic Corpus Correction with Anomaly Detection},
  booktitle =    {Proceedings of NAACL-00},
  pages =        {148-153},
  address =      {Seattle, Washington},
  year =         2000
}

@inproceedings{hwa-et-al:03,
  author = {Rebecca Hwa and Miles Osborne and Anoop Sarkar and Mark Steedman},
  title = {Corrected Co-training for Statistical Parsers},
  booktitle = {Proceedings of ICML-2003},
  address = {Washington, DC},
  year = {2003}
}

@InProceedings{metcalf:boyd:06,
  author = {Vanessa Metcalf and Adriane Boyd},
  title = {Head-lexicalized PCFGs for Verb Subcategorization Error Diagnosis in ICALL},
  booktitle = {Workshop on Interfaces of Intelligent Computer-Assisted Language Learning},
  year = {2006},
  address = {Columbus, OH}
}

@InProceedings{daelemans-et-al:96,
  author =       {Walter Daelemans and Jakub Zavrel and Peter Berck and Steven Gillis},
  title =        {{MBT}: A Memory-Based Part of Speech Tagger-Generator},
  booktitle =    {Proceedings of the Fourth Workshop on Very Large Corpora (VLC)},
  pages =        {14-27},
  year =         {1996},
  address =      {Copenhagen}
}

@Article{daelemans-et-al:99,
  author =       {Walter Daelemans and Antal van den Bosch and Jakub Zavrel},
  title =        {Forgetting Exceptions is Harmful in Language Learning},
  journal =      {Machine Learning},
  year =         {1999},
  volume =       {34},
  pages =        {11-41}
}

@InProceedings{dickinson:meurers:tlt:05,
  author =       {Markus Dickinson and W. Detmar Meurers},
  title =        {Prune Diseased Branches to Get Healthy Trees!
                  How to Find Erroneous Local Trees in a Treebank
                  and Why It Matters},
  booktitle =    {Proceedings of TLT 2005},
  address =      {Barcelona, Spain},
  year =         {2005}
}

@InProceedings{dickinson:tlt:06,
  author =       {Markus Dickinson},
  title =        {Rule Equivalence for Error Detection},
  booktitle =    {Proceedings of TLT 2006},
  address =      {Prague, Czech Republic},
  year =         {2006}
}

@InProceedings{dickinson:cil:08,
  author =       {Markus Dickinson},
  title =        {Similarity and Dissimilarity in Treebank Grammars},
  booktitle =    {18th International Congress of Linguists (CIL18)},
  address =      {Seoul},
  year =         {2008}
}

@misc{anonymous:08,
  author = {Anonymous},
  year = {to appear},
  title = {Similarity and Dissimilarity in Treebank Grammars}
}

@InProceedings{wagner-et-al:07,
  author    = {Wagner, Joachim  and  Foster, Jennifer  and  van Genabith, Josef},
  title     = {A Comparative Evaluation of Deep and Shallow Approaches to the Automatic Detection of Common Grammatical Errors},
  booktitle = {Proceedings of EMNLP-CoNLL 2007},
  year      = {2007},
  pages     = {112--121}
}

@inproceedings{skut:ea:97,
  AUTHOR = {Wojciech Skut and Brigitte Krenn and Thorsten Brants and Hans Uszkoreit},
  TITLE = {An Annotation Scheme for Free Word Order Languages},
  booktitle =    {Proceedings of ANLP-97},
  address =      {Washington, D.C.},
  year =         1997
}

@InCollection{hinrichs-et-al-treebanks-vm00,
  author = 	  {Erhard Hinrichs and Julia Bartels and Yasuhiro Kawata and Valia Kordoni and Heike Telljohann},
  title = 	  {The T\"ubingen Treebanks for Spoken German, English, and Japanese},
  crossref = {verbmobil:00},
  pages = {552--576}
}

@Book{verbmobil:00,
  editor =	  {Wolfgang Wahlster},
  title = 	  {Verbmobil: Foundations of Speech-to-Speech Translation},
  booktitle = 	  {Verbmobil: Foundations of Speech-to-Speech Translation},
  publisher =   {Springer},
  year = 	  2000,
  optseries =	  {Artificial Intelligence},
  address =   Berlin
}

@InProceedings{BrantsDipperHansenLeziusSmith2002,
  author     =  {Sabine Brants and Stefanie Dipper and Silvia Hansen and Wolfgang Lezius and George Smith},
  year       =  {2002},
  title      =  {The {TIGER} Treebank},
  booktitle  =  "Proceedings of TLT-02",
  address    =  {Sozopol, Bulgaria},
  keywords   =  {Treebank,German,TIGER}
}

@Book{huck:ojeda:87,
  booktitle =    {Discontinuous Constituency},
  title =        {Discontinuous Constituency},
  editor =       {Geoffrey Huck and Almerindo Ojeda},
  publisher =    AcademicPress,
  address =      AcadPressAddress,
  optnumber =       20,
  optseries =       syntax-and-semantics,
  year =         1987}

@Book{bunt:horck:96,
  editor =       {Harry Bunt and Arthur van Horck},
  booktitle =    {Discontinuous Constituency},
  title =        {Discontinuous Constituency},
  publisher =    MoutonDeGruyter,
  address =      BerlinNewYork,
  optseries =       {Natural Language Processing},
  optvolume =       6,
  year =         1996}

@InProceedings{kuhlmann:satta:09,
  author    = {Kuhlmann, Marco  and  Satta, Giorgio},
  title     = {Treebank Grammar Techniques for Non-Projective Dependency Parsing},
  booktitle = {Proceedings of EACL-09},
  month     = {March},
  year      = {2009},
  address   = {Athens, Greece},
  pages     = {478--486}
}

@InProceedings{torresmartins-et-al:08,
  author    = {Torres Martins, Andr\'{e} Filipe  and  Das, Dipanjan  and  Smith, Noah A.  and  Xing, Eric P.},
  title     = {Stacking Dependency Parsers},
  booktitle = {Proceedings of the 2008 Conference on Empirical Methods in Natural Language Processing},
  month     = {October},
  year      = {2008},
  address   = {Honolulu, Hawaii},
  publisher = {Association for Computational Linguistics},
  pages     = {157--166},
  url       = {http://www.aclweb.org/anthology/D08-1017}
}

@Article{nivre-et-al:07,
  author =       {Joakim Nivre and Johan Hall and Jens Nilsson and Atanas Chanev and Gulsen Eryigit and Sandra K\"ubler and Svetoslav Marinov and Erwin Marsi},
  title =        {MaltParser: A language-independent system for data-driven dependency parsing},
  journal =      {Natural Language Engineering},
  year =         2007,
  volume =       13,
  number =       2,
  pages =        {95-135}
}

@InProceedings{chen-et-al:08,
  author    = {Chen, Wenliang  and  Wu, Youzheng  and  Isahara, Hitoshi},
  title     = {Learning Reliable Information for Dependency Parsing Adaptation},
  booktitle = {Proceedings of the 22nd International Conference on Computational Linguistics (Coling 2008)},
  month     = {August},
  year      = {2008},
  address   = {Manchester, UK},
  publisher = {Coling 2008 Organizing Committee},
  pages     = {113--120},
  url       = {http://www.aclweb.org/anthology/C08-1015}
}

@InProceedings{headden-et-al:09,
  author    = {Headden III, William P.  and  Johnson, Mark  and  McClosky, David},
  title     = {Improving Unsupervised Dependency Parsing with Richer Contexts and Smoothing},
  booktitle = {Proceedings of NAACL-HLT-09},
  month     = {June},
  year      = {2009},
  address   = {Boulder, CO},
  pages     = {101--109}
}

@InProceedings{loftsson:09,
  author    = {Loftsson, Hrafn},
  title     = {Correcting a {POS}-Tagged Corpus Using Three Complementary Methods},
  booktitle = {Proceedings of EACL-09},
  month     = {March},
  year      = {2009},
  address   = {Athens, Greece},
  pages     = {523--531}
}

@InProceedings{fossum:knight:09,
  author    = {Fossum, Victoria  and  Knight, Kevin},
  title     = {Combining Constituent Parsers},
  booktitle = {Proceedings of NAACL-HLT-09, Short Papers},
  month     = {June},
  year      = {2009},
  address   = {Boulder, CO},
  pages     = {253--256}
}

@InProceedings{wan-et-al:09,
  author    = {Wan, Stephen  and  Dras, Mark  and  Dale, Robert  and  Paris, C\'{e}cile},
  title     = {Improving Grammaticality in Statistical Sentence Generation: Introducing a Dependency Spanning Tree Algorithm with an Argument Satisfaction Model},
  booktitle = {Proceedings of EACL-09},
  month     = {March},
  year      = {2009},
  address   = {Athens, Greece},
  pages     = {852--860}
}

@InProceedings{attardi:dellorletta:09,
  author    = {Attardi, Giuseppe  and  Dell'Orletta, Felice},
  title     = {Reverse Revision and Linear Tree Combination for Dependency Parsing},
  booktitle = {Proceedings of Human Language Technologies: The 2009 Annual Conference of the North American Chapter of the Association for Computational Linguistics, Companion Volume: Short Papers},
  month     = {June},
  year      = {2009},
  address   = {Boulder, Colorado},
  publisher = {Association for Computational Linguistics},
  pages     = {261--264},
  url       = {http://www.aclweb.org/anthology/N/N09/N09-2066.pdf}
}

@InProceedings{attardi:ciaramita:07,
  author    = {Attardi, Giuseppe  and  Ciaramita, Massimiliano},
  title     = {Tree Revision Learning for Dependency Parsing},
  booktitle = {Human Language Technologies 2007: The Conference of the North American Chapter of the Association for Computational Linguistics; Proceedings of the Main Conference},
  month     = {April},
  year      = {2007},
  address   = {Rochester, New York},
  publisher = {Association for Computational Linguistics},
  pages     = {388--395},
  url       = {http://www.aclweb.org/anthology/N/N07/N07-1049.pdf}
}

@InProceedings{xu-et-al:09,
  author    = {Xu, Peng  and  Kang, Jaeho  and  Ringgaard, Michael  and  Och, Franz},
  title     = {Using a Dependency Parser to Improve SMT for Subject-Object-Verb Languages},
  booktitle = {Proceedings of NAACL-HLT-09},
  month     = {June},
  year      = {2009},
  address   = {Boulder, Colorado},
  pages     = {245--253}
}

@InProceedings{ravi-et-al:08,
  author    = {Ravi, Sujith  and  Knight, Kevin  and  Soricut, Radu},
  title     = {Automatic Prediction of Parser Accuracy},
  booktitle = {Proceedings of EMNLP-08},
  month     = {October},
  year      = {2008},
  address   = {Honolulu, HI},
  pages     = {887--896}
}

@InProceedings{dickinson:foster:09,
  author =       {Markus Dickinson and Jennifer Foster},
  title =        {Similarity Rules!
                  Exploring Methods for Ad-Hoc Rule Detection},
  booktitle =    {Proceedings of TLT-7},
  address =      {Groningen, The Netherlands},
  pages =        {},
  year =         {2009}
}

@InProceedings{dickinson:meurers:05,
  author =       {Markus Dickinson and W. Detmar Meurers},
  title =        {Detecting Errors in Discontinuous Structural Annotation},
  booktitle =    {Proceedings of ACL-05},
  pages=         {322-329},
  address =      {Ann Arbor, MI, USA},
  year =         {2005}
}

@Article{boyd-et-al:08,
  author = 	 {Adriane Boyd and Markus Dickinson and Detmar Meurers},
  title = 	 {On Detecting Errors in Dependency Treebanks},
  journal = 	 {Research on Language and Computation},
  year = 	 {2008},
  volume =       6,
  number =       2,
  pages =        {113--137}
}

@InProceedings{chen-et-al:09,
  author    = {Chen, Wenliang  and  Kazama, Jun'ichi  and  Uchimoto, Kiyotaka  and  Torisawa, Kentaro},
  title     = {Improving Dependency Parsing with Subtrees from Auto-Parsed Data},
  booktitle = {Proceedings of EMNLP-09},
  month     = {August},
  year      = {2009},
  address   = {Singapore},
  pages     = {570--579},
  url       = {http://www.aclweb.org/anthology/D/D09/D09-1060.pdf}
}

@InProceedings{hall:novak:05,
  author    = {Hall, Keith  and  Nov{\'a}k, V{\'a}clav},
  title     = {Corrective Modeling for Non-Projective Dependency Parsing},
  booktitle = {Proceedings of the Ninth International Workshop on Parsing Technology},
  month     = {October},
  year      = {2005},
  address   = {Vancouver, British Columbia},
  publisher = {Association for Computational Linguistics},
  pages     = {42--52},
  url       = {http://www.aclweb.org/anthology/W/W05/W05-1505.pdf}
}

@inproceedings{mcdonald:pereira:06,
author = {Ryan McDonald and Fernando Pereira},
title = {Online learning of approximate dependency parsing algorithms},
booktitle = {Proceedings of EACL-06},
address = {Trento},
year = 2006
}

@InProceedings{conll-task:07,
  author = {Joakim Nivre and Johan Hall and Sandra K\"{u}bler and Ryan McDonaldand Jens Nilsson and Sebastian Riedel and Deniz Yuret},
  year = {2007},
  title = {The CoNLL 2007 Shared Task on Dependency Parsing},
  booktitle = {Proceedings of EMNLP-CoNLL 2007},
  address = {Prague}
}

@InProceedings{conll-task:06,
  author    = {Buchholz, Sabine  and  Marsi, Erwin},
  title     = {CoNLL-X Shared Task on Multilingual Dependency Parsing},
  booktitle = {Proceedings of CoNLL-X},
  year      = {2006},
  address   = {New York City},
  pages     = {149--164}
}

@techreport{nilsson:hall:05,
author = {Jens Nilsson and Johan Hall},
year = 2005,
title = {Reconstruction of the Swedish Treebank Talbanken},
type = {MSI report},
number = {05067},
institution = {V\"{a}xj\"{o} University: School of Mathematics and Systems Engineering}
}

@InProceedings{ddt:03,
  author = 	 {Matthias Trautner Kromann},
  title = 	 {The Danish Dependency Treebank and the underlying linguistic theory},
  booktitle = {Proceedings of TLT-03},
  year = 	 {2003}
}

@InProceedings{alpino:02,
  author = 	 {Leonoor van der Beek and Gosse Bouma and Robert Malouf and Gertjan van Noord},
  title = 	 {The Alpino Dependency Treebank},
  booktitle = {Proceedings of CLIN 2001},
  year = 	 {2002},
  publisher = {Rodopi}
}

@InProceedings{bosque:02,
  author = 	 {Susana Afonso and Eckhard Bick and Renato Haber and Diana Santos},
  title = 	 {Floresta Sint\'a(c)tica: a treebank for Portuguese},
  booktitle = {Proceedings of LREC 2002},
  pages = 	 {1698--1703},
  year = 	 {2002},
  address = 	 {Las Palmas}
}

@InProceedings{charniak-johnson:05,
  author    = {Charniak, Eugene  and  Johnson, Mark},
  title     = {Coarse-to-Fine n-Best Parsing and MaxEnt Discriminative Reranking},
  booktitle = {Proceedings of ACL'05},
  month     = {June},
  year      = {2005},
  address   = {Ann Arbor, MI},
  pages     = {173--180}
}

@InProceedings{owczarzak:09,
  author    = {Owczarzak, Karolina},
  title     = {DEPEVAL(summ): Dependency-based Evaluation for Automatic Summaries},
  booktitle = {Proceedings of ACL-AFNLP-09},
  month     = {August},
  year      = {2009},
  address   = {Suntec, Singapore},
  pages     = {190--198}
}

@InProceedings{vannoord:bouma:09,
  author    = {van Noord, Gertjan  and  Bouma, Gosse},
  title     = {Parsed Corpora for Linguistics},
  booktitle = {Proceedings of the EACL 2009 Workshop on the Interaction between Linguistics and Computational Linguistics: Virtuous, Vicious or Vacuous?},
  month     = {March},
  year      = {2009},
  address   = {Athens},
  pages     = {33--39},
  url       = {http://www.aclweb.org/anthology/W09-0107}
}

@InCollection{prze:06d,
  author =       "Adam Przepi\'orkowski",
  title =        "What to acquire from corpora in automatic valence acquisition",
  crossref =     "kos:ros:06"}

@Book{kos:ros:06,
  editor =       "Violetta Koseska-Toszewa and Roman Roszko",
  booktitle =    "Semantyka a~konfrontacja jezykowa, tom~3",
  title =        "Semantyka a~konfrontacja jezykowa, tom~3",
  publisher =    sowpan,
  pages =        "25--41",
  year =         2006,
  address =      warsaw}

@InProceedings{campbell:johnson:02,
  author    = {David Campbell  and  Stephen Johnson},
  title     = {A transformational-based learner for dependency grammars in discharge summaries},
  booktitle = {Proceedings of the ACL-02 Workshop on Natural Language Processing in the Biomedical Domain},
  month     = {July},
  year      = {2002},
  address   = {Phildadelphia},
  pages     = {37--44},
  url       = {http://www.aclweb.org/anthology/W02-0306},
  doi       = {10.3115/1118149.1118155}
}

@InProceedings{bick:07,
  author    = {Bick, Eckhard},
  title     = {Hybrid Ways to Improve Domain Independence in an {ML} Dependency Parser},
  booktitle = {Proceedings of the CoNLL Shared Task Session of EMNLP-CoNLL 2007},
  year      = {2007},
  address   = {Prague, Czech Republic},
  pages     = {1119--1123},
  url       = {http://www.aclweb.org/anthology/D/D07/D07-1120.pdf}
}

@InProceedings{nivre:mcdonald:08,
  author    = {Nivre, Joakim  and  McDonald, Ryan},
  title     = {Integrating Graph-Based and Transition-Based Dependency Parsers},
  booktitle = {Proceedings of ACL-08: HLT},
  month     = {June},
  year      = {2008},
  address   = {Columbus, Ohio},
  publisher = {Association for Computational Linguistics},
  pages     = {950--958},
  url       = {http://www.aclweb.org/anthology/P/P08/P08-1108.pdf}
}

@InProceedings{mcdonald:nivre:07,
  author    = {McDonald, Ryan  and  Nivre, Joakim},
  title     = {Characterizing the Errors of Data-Driven Dependency Parsing Models},
  booktitle = {Proceedings of the 2007 Joint Conference on Empirical Methods in Natural Language Processing and Computational Natural Language Learning (EMNLP-CoNLL)},
  month     = {June},
  year      = {2007},
  address   = {Prague, Czech Republic},
  publisher = {Association for Computational Linguistics},
  pages     = {122--131},
  url       = {http://www.aclweb.org/anthology/D/D07/D07-1013.pdf}
}

@InProceedings{mcdonald-et-al:06,
  author    = {McDonald, Ryan  and  Lerman, Kevin  and  Pereira, Fernando},
  title     = {Multilingual Dependency Analysis with a Two-Stage Discriminative Parser},
  booktitle = {Proceedings of the Tenth Conference on Computational Natural Language Learning (CoNLL-X)},
  month     = {June},
  year      = {2006},
  address   = {New York City},
  pages     = {216--220},
  url       = {http://www.aclweb.org/anthology/W/W06/W06-2932}
}

@InProceedings{dickinson:meurers:tlt:03,
  author =       {Markus Dickinson and W. Detmar Meurers},
  title =        {Detecting Inconsistencies in Treebanks},
  booktitle =    {Proceedings of the Second Workshop on Treebanks 
                  and Linguistic Theories (TLT 2003)},
  address =      {V\"{a}xj\"{o}, Sweden},
  pages =        {45-56},
  url =          {\url{http://jones.ling.indiana.edu/~mdickinson/papers/dickinson-meurers-tlt03.html}},
  year =         {2003}
}

@InProceedings{johansson:nugues:07,
  author = 	 {Richard Johansson and Pierre Nugues},
  title = 	 {Extended Constituent-to-dependency Conversion for English},
  booktitle = {Proceedings of NODALIDA 2007},
  year = 	 {2007},
  address = 	 {Tartu, Estonia},
  url = {http://fileadmin.cs.lth.se/cs/Personal/Pierre_Nugues/Articles/nodalida2007/reg-Johansson-10.pdf}
}

@Article{dickinson:11,
  author =       {Markus Dickinson},
  title =        {Detecting Ad Hoc Rules for Treebank Development},
  journal =      {Linguistic Issues in Language Technology},
  volume =       {4},
  number =       {3},
  pages=         {},
  url =          {\url{http://jones.ling.indiana.edu/~mdickinson/papers/dickinson11.html}},
  year =         {2011},
  month =        {April}
}

@InProceedings{dickinson:10,
  author =       {Markus Dickinson},
  title =        {Detecting Errors in Automatically-Parsed Dependency 
                  Relations},
  booktitle = {The 48th Annual Meeting of the Association for Computational 
               Linguistics (ACL-10)}, 
  pages=         {},
  address =      {Uppsala, Sweden},
  url =          {http://jones.ling.indiana.edu/~mdickinson/papers/dickinson10.html},
  year =         {2010}
}

@InProceedings{dickinson:09, 
  author =       {Markus Dickinson}, 
  title =        {Correcting Dependency Annotation Errors},
  booktitle =    {Proceedings of the 12th Conference of the European  
                  Chapter of the Association for Computational Linguistics  
                  (EACL-09)}, 
  address =      {Athens, Greece}, 
  pages =        {},
  year =         {2009},
  url =  {http://jones.ling.indiana.edu/~mdickinson/papers/dickinson09.html}
}

@InProceedings{goldberg:elhadad:10,
  author    = {Goldberg, Yoav  and  Elhadad, Michael},
  title     = {Inspecting the Structural Biases of Dependency Parsing Algorithms},
  booktitle = {Proceedings of the Fourteenth Conference on Computational Natural Language Learning},
  month     = {July},
  year      = {2010},
  address   = {Uppsala, Sweden},
  pages     = {234--242},
  url       = {http://www.aclweb.org/anthology/W10-2927}
}

@InProceedings{goldberg:elhadad:naacl:10,
  author    = {Goldberg, Yoav  and  Elhadad, Michael},
  title     = {An Efficient Algorithm for Easy-First Non-Directional Dependency Parsing},
  booktitle = {Human Language Technologies: The 2010 Annual Conference of the North American Chapter of the Association for Computational Linguistics},
  month     = {June},
  year      = {2010},
  address   = {Los Angeles, California},
  pages     = {742--750},
  url       = {http://www.aclweb.org/anthology/N10-1115}
}

@InProceedings{rosen-et-al:05,
  author =       {Victoria Ros\'{e}n and Koenraad de Smedt and Helge Dyvik and Paul Meurer},
  title =        {TREPIL: Developing Methods and Tools for Multilevel Treebank Construction},
  booktitle =    {Proceedings of the Fourth Workshop on Treebanks 
                  and Linguistic Theories (TLT 2005)},
  address =      {Barcelona, Spain},
  pages =        {161--172},
  year =         {2005}
}

@InProceedings{bond-et-al:04,
  author = 	 {Francis Bond and Sanae Fujita and Chikara Hashimoto and Kaname Kasahara and Shigeko Nariyama and Eric Nichols and Akira Ohtani and Takaaki Tanaka and Shigeaki Amano},
  title = 	 {The Hinoki Treebank: Toward Text Understanding},
  booktitle = 	 {Proceedings of the 5th International Workshop on Linguistically Interpreted Corpora (LINC-04)},
  pages = 	 {7-10},
  year = 	 {2004},
  address = 	 {Geneva},
  url =         {http://www.coli.uni-saarland.de/conf/linc-04/bond.pdf}
}

@InProceedings{oepen-et-al:04,
  author = 	 {Stephan Oepen and Dan Flickinger and Francis Bond},
  title = 	 {Towards holistic grammar engineering and testing---grafting treebank maintenance into the grammar revision cycle},
  booktitle = 	 {Beyond Shallow Analyses---Formalisms and Statistical Modelling for Deep Analysis (Workshop at The First International Joint Conference on Natural Language Processing (IJCNLP-04))},
  year = 	 {2004},
  address = 	 {Hainan, China},
  url =         {http://www-tsujii.is.s.u-tokyo.ac.jp/bsa/papers/oepen.pdf}
}

@InProceedings{gupta-et-al:10,
  author =       {Mridul Gupta and Vineet Yadav and Samar Husain and Dipti Misra Sharma},
  title =        {Partial Parsing as a Method to Expedite Dependency Annotation of a Hindi Treebank},
  booktitle =    {Proceedings of the 7th Language Resources and 
                  Evaluation Conference (LREC 2010)},
  address =      {Valletta, Malta},
  pages =        {},
  year =         {2010}
}

@InProceedings{plank:vannoord:10,
  author    = {Plank, Barbara  and  van Noord, Gertjan},
  title     = {Grammar-Driven versus Data-Driven: Which Parsing System Is More Affected by Domain Shifts?},
  booktitle = {Proceedings of the 2010 Workshop on NLP and Linguistics: Finding the Common Ground},
  month     = {July},
  year      = {2010},
  address   = {Uppsala, Sweden},
  pages     = {25--33},
  url       = {http://www.aclweb.org/anthology/W10-2105}
}

@InProceedings{zhao-et-al:10,
  author    = {Zhao, Yanyan  and  Qin, Bing  and  Hu, Shen  and  Liu, Ting},
  title     = {Generalizing Syntactic Structures for Product Attribute Candidate Extraction},
  booktitle = {Human Language Technologies: The 2010 Annual Conference of the North American Chapter of the Association for Computational Linguistics},
  month     = {June},
  year      = {2010},
  address   = {Los Angeles, California},
  pages     = {377--380},
  url       = {http://www.aclweb.org/anthology/N10-1059}
}

@InProceedings{gonzalez-rubio-et-al:10,
  author    = {Gonz\'{a}lez Rubio, Jes\'{u}s  and  Ortiz Mart\'{i}nez, Daniel  and  Casacuberta, Francisco},
  title     = {Balancing User Effort and Translation Error in Interactive Machine Translation via Confidence Measures},
  booktitle = {Proceedings of the ACL 2010 Conference Short Papers},
  month     = {July},
  year      = {2010},
  address   = {Uppsala, Sweden},
  pages     = {173--177},
  url       = {http://www.aclweb.org/anthology/P10-2032}
}

@InProceedings{soricut:echihabi:10,
  author    = {Soricut, Radu  and  Echihabi, Abdessamad},
  title     = {TrustRank: Inducing Trust in Automatic Translations via Ranking},
  booktitle = {Proceedings of the 48th Annual Meeting of the Association for Computational Linguistics},
  month     = {July},
  year      = {2010},
  address   = {Uppsala, Sweden},
  pages     = {612--621},
  url       = {http://www.aclweb.org/anthology/P10-1063}
}

@InProceedings{kitagawa:tanakaishii:10,
  author    = {Kitagawa, Kotaro  and  Tanaka-Ishii, Kumiko},
  title     = {Tree-Based Deterministic Dependency Parsing --- An Application to Nivre's Method ---},
  booktitle = {Proceedings of the ACL 2010 Conference Short Papers},
  month     = {July},
  year      = {2010},
  address   = {Uppsala, Sweden},
  pages     = {189--193},
  url       = {http://www.aclweb.org/anthology/P10-2035}
}

@Article{hwa-et-al:05,
  author = 	 {Rebecca Hwa and Philip Resnik and Amy Weinberg and Clara Cabezas and Okan Kolak},
  title = 	 {Bootstrapping parsers via syntactic projection across parallel texts},
  journal = 	 {Natural Language Engineering},
  year = 	 {2005},
  volume = 	 {11},
  OPTnumber = 	 {},
  pages = 	 {311--325}
}

@InProceedings{sassano:kurohashi:10,
  author    = {Sassano, Manabu  and  Kurohashi, Sadao},
  title     = {Using Smaller Constituents Rather Than Sentences in Active Learning for Japanese Dependency Parsing},
  booktitle = {Proceedings of the 48th Annual Meeting of the Association for Computational Linguistics},
  month     = {July},
  year      = {2010},
  address   = {Uppsala, Sweden},
  pages     = {356--365},
  url       = {http://www.aclweb.org/anthology/P10-1037}
}

@InProceedings{bhatt-et-al:09,
  author    = {Bhatt, Rajesh  and  Narasimhan, Bhuvana  and  Palmer, Martha  and  Rambow, Owen  and  Sharma, Dipti  and  Xia, Fei},
  title     = {A Multi-Representational and Multi-Layered Treebank for Hindi/Urdu},
  booktitle = {Proceedings of the Third Linguistic Annotation Workshop},
  month     = {August},
  year      = {2009},
  address   = {Suntec, Singapore},
  pages     = {186--189},
  url       = {http://www.aclweb.org/anthology/W/W09/W09-3036}
}

@InProceedings{ambati-et-al:10,
  author = 	 {Bharat Ram Ambati and Mridul Gupta and Samar Husain and Dipti Misra Sharma},
  title = 	 {A high recall error identification tool for Hindi treebank validation},
  booktitle = {Proceedings of The 7th International Conference on Language Resources and Evaluation (LREC)},
  year = 	 {2010},
  address = 	 {Valletta, Malta}
}

@InProceedings{ambati:10,
  author    = {Ambati, Bharat Ram},
  title     = {Importance of Linguistic Constraints in Statistical Dependency Parsing},
  booktitle = {Proceedings of the ACL 2010 Student Research Workshop},
  month     = {July},
  year      = {2010},
  address   = {Uppsala, Sweden},
  pages     = {103--108},
  url       = {http://www.aclweb.org/anthology/P10-3018}
}

@InProceedings{seeker-et-al:10,
  author    = {Seeker, Wolfgang  and  Rehbein, Ines  and  Kuhn, Jonas  and  Van Genabith, Josef},
  title     = {Hard Constraints for Grammatical Function Labelling},
  booktitle = {Proceedings of the 48th Annual Meeting of the Association for Computational Linguistics},
  month     = {July},
  year      = {2010},
  address   = {Uppsala, Sweden},
  pages     = {1087--1097},
  url       = {http://www.aclweb.org/anthology/P10-1111}
}

@InProceedings{sagae:tsujii:07,
  author    = {Sagae, Kenji  and  Tsujii, Jun'ichi},
  title     = {Dependency Parsing and Domain Adaptation with {LR} Models and Parser Ensembles},
  booktitle = {Proceedings of the CoNLL Shared Task Session of EMNLP-CoNLL 2007},
  month     = {June},
  year      = {2007},
  address   = {Prague, Czech Republic},
  pages     = {1044--1050},
  url       = {http://www.aclweb.org/anthology/D/D07/D07-1111.pdf}
}

@InProceedings{sagae:lavie:06,
  author    = {Sagae, Kenji  and  Lavie, Alon},
  title     = {Parser Combination by Reparsing},
  booktitle = {Proceedings of the Human Language Technology Conference of the NAACL, Companion Volume: Short Papers},
  month     = {June},
  year      = {2006},
  address   = {New York City, USA},
  pages     = {129--132},
  url       = {http://www.aclweb.org/anthology/N/N06/N06-2033.pdf}
}

@InProceedings{simpson-et-al:09,
  author    = {Simpson, Heather  and  Maeda, Kazuaki  and  Cieri, Christopher},
  title     = {Basic Language Resources for Diverse {A}sian Languages: A Streamlined Approach for Resource Creation},
  booktitle = {Proceedings of the 7th Workshop on Asian Language Resources},
  month     = {August},
  year      = {2009},
  address   = {Suntec, Singapore},
  pages     = {55--62},
  url       = {http://www.aclweb.org/anthology/W/W09/W09-3408}
}

@InProceedings{daumeiii:07,
  author    = {Daume III, Hal},
  title     = {Frustratingly Easy Domain Adaptation},
  booktitle = {Proceedings of the 45th Annual Meeting of the Association of Computational Linguistics},
  month     = {June},
  year      = {2007},
  address   = {Prague, Czech Republic},
  pages     = {256--263},
  url       = {http://www.aclweb.org/anthology/P07-1033}
}

@InProceedings{surdeanu:manning:10,
  author    = {Surdeanu, Mihai  and  Manning, Christopher D.},
  title     = {Ensemble Models for Dependency Parsing: Cheap and Good?},
  booktitle = {Human Language Technologies: The 2010 Annual Conference of the North American Chapter of the Association for Computational Linguistics},
  month     = {June},
  year      = {2010},
  address   = {Los Angeles},
  pages     = {649--652},
  url       = {http://www.aclweb.org/anthology/N10-1091}
}

@INCOLLECTION{leech:04,
  author = {Geoffrey Leech},
  title = {Adding Linguistic Annotation},
  booktitle = {Developing Linguistic Corpora: a Guide to Good Practice},
  publisher = {Oxbow Books},
  year = {2004},
  editor = {Martin Wynne},
  pages = {17--29},
  address = {Oxford}
}

@InProceedings{begum-et-al:08,
  author = 	 {Rafiya Begum and Samar Husain and Arun Dhwaj and Dipti Misra Sharma and Lakshmi Bai and Rajeev Sangal},
  title = 	 {Dependency Annotation Scheme for Indian Languages},
  booktitle = {Proceedings of the Third International Joint Conference on Natural Language Processing (IJCNLP-08)},
  pages = 	 {721--726},
  year = 	 {2008},
  address = 	 {Hyderabad, India}
}

@Unpublished{nivre:10,
  author = 	 {Joakim Nivre},
  title = 	 {Harvest Time - Explorations of the Swedish Treebank},
  note = 	 {\textit{The Ninth Treebanks and Linguistic Theories Workshop}, Invited Talk.  Tartu, Estonia.  December 4, 2010},
  year = 	 {2010}
}

@InProceedings{mcdonald-et-al:05,
  author    = {Ryan McDonald and Koby Crammer and Fernando Pereira},
  title     = {Online Large-Margin Training of Dependency Parsers},
  booktitle = {Proceedings of the 43rd Annual Meeting of the ACL},
  month     = {June},
  year      = {2005},
  address   = {AnnArbor},
  pages     = {91-98},
  url       = {http://www.aclweb.org/anthology-new/P/P05/P05-1012.pdf}
}

@InProceedings{bergsma-et-al:09,
  author    = {Shane Bergsma and Dekang Lin and Randy Goebel},
  title     = {Web-Scale N-gram Models for Lexical Disambiguation},
  booktitle = {Proceedings of the  International Joint Conference on Artificial Intelligence (IJCAI)},
  month     = {July},
  year      = {2009},
  address   = {Pasadena, California},
  pages     = {1507--1512}
}

@InProceedings{hara-et-al:09,
  author    = {Hara, Tadayoshi  and  Miyao, Yusuke  and  Tsujii, Jun'ichi},
  title     = {Effective Analysis of Causes and Inter-dependencies of Parsing Errors},
  booktitle = {Proceedings of the 11th International Conference on Parsing Technologies (IWPT'09)},
  month     = {October},
  year      = {2009},
  address   = {Paris, France},
  publisher = {Association for Computational Linguistics},
  pages     = {180--191},
  url       = {http://www.aclweb.org/anthology/W09-3828}
}

@InProceedings{sanchezsaez-et-al:09,
  author    = {S\'anchez-S\'aez, Ricardo  and  S\'anchez, Joan-Andreu  and  Bened\'i, Jos\'e-Miguel},
  title     = {Interactive Predictive Parsing},
  booktitle = {Proceedings of the 11th International Conference on Parsing Technologies (IWPT'09)},
  month     = {October},
  year      = {2009},
  address   = {Paris, France},
  publisher = {Association for Computational Linguistics},
  pages     = {222--225},
  url       = {http://www.aclweb.org/anthology/W09-3835}
}

@InProceedings{nivre-et-al:10,
  author    = {Nivre, Joakim  and  Rimell, Laura  and  McDonald, Ryan  and  G\'{o}mez Rodr\'{i}guez, Carlos},
  title     = {Evaluation of Dependency Parsers on Unbounded Dependencies},
  booktitle = {Proceedings of the 23rd International Conference on Computational Linguistics (Coling 2010)},
  month     = {August},
  year      = {2010},
  address   = {Beijing, China},
  publisher = {Coling 2010 Organizing Committee},
  pages     = {833--841},
  url       = {http://www.aclweb.org/anthology/C10-1094}
}

@Article{mcdonald:nivre:11,
  author = 	 {Ryan McDonald and Joakim Nivre},
  title = 	 {Analyzing and Integrating Dependency Parsers},
  journal = 	 {Computational Linguistics},
  year = 	 {2011},
  volume = 	 {37},
  number = 	 {1},
  pages = 	 {197--230},
  url = {http://aclweb.org/anthology-new/J/J11/J11-1007.pdf}
}

@PhdThesis{mcdonald:diss:06,
  author = 	 {Ryan McDonald},
  title = 	 {Discriminative Training and Spanning Tree Algorithms for Dependency Parsing},
  school = 	 {University of Pennsylvania},
  year = 	 {2006},
  url = {http://www.ryanmcd.com/papers/thesis.pdf}
}

@InProceedings{henderson:brill:99,
  author = 	 {John C. Henderson and Eric Brill},
  title = 	 {Exploiting Diversity in Natural Language Processing: Combining Parsers},
  booktitle = {Proceedings of the Conference on Empirical Methods in Natural Language Processing and Very Large Corpora},
  pages = 	 {187--194},
  year = 	 {1999},
  address = 	 {College Park, MD},
  url = {http://aclweb.org/anthology-new/W/W99/W99-0623.pdf}
}

@InProceedings{titov:henderson:07,
  author    = {Titov, Ivan  and  Henderson, James},
  title     = {Fast and Robust Multilingual Dependency Parsing with a Generative Latent Variable Model},
  booktitle = {Proceedings of the CoNLL Shared Task Session of EMNLP-CoNLL 2007},
  month     = {June},
  year      = {2007},
  address   = {Prague, Czech Republic},
  publisher = {Association for Computational Linguistics},
  pages     = {947--951},
  url       = {http://www.aclweb.org/anthology/D/D07/D07-1099.pdf}
}

@InProceedings{titov:henderson:06,
  author    = {Titov, Ivan  and  Henderson, James},
  title     = {Loss Minimization in Parse Reranking},
  booktitle = {Proceedings of the 2006 Conference on Empirical Methods in Natural Language Processing},
  month     = {July},
  year      = {2006},
  address   = {Sydney, Australia},
  publisher = {Association for Computational Linguistics},
  pages     = {560--567},
  url       = {http://www.aclweb.org/anthology/W/W06/W06-1666.pdf}
}

@InProceedings{koo:collins:05,
  author    = {Koo, Terry  and  Collins, Michael},
  title     = {Hidden-Variable Models for Discriminative Reranking},
  booktitle = {Proceedings of Human Language Technology Conference and Conference on Empirical Methods in Natural Language Processing},
  month     = {October},
  year      = {2005},
  address   = {Vancouver, British Columbia, Canada},
  publisher = {Association for Computational Linguistics},
  pages     = {507--514},
  url       = {http://www.aclweb.org/anthology/H/H05/H05-1064.pdf}
}

@InProceedings{cowan:collins:05,
  author    = {Cowan, Brooke  and  Collins, Michael},
  title     = {Morphology and Reranking for the Statistical Parsing of {Spanish}},
  booktitle = {Proceedings of Human Language Technology Conference and Conference on Empirical Methods in Natural Language Processing},
  month     = {October},
  year      = {2005},
  address   = {Vancouver, British Columbia, Canada},
  publisher = {Association for Computational Linguistics},
  pages     = {795--802},
  url       = {http://www.aclweb.org/anthology/H/H05/H05-1100.pdf}
}

@inproceedings{shen-et-al:03,
  author = {Shen, Libin  and  Sarkar, Anoop  and  Joshi, Aravind},
  title  = {Using {LTAG} Based Features in Parse Reranking},
  booktitle = {Proceedings of the 2003 Conference on Empirical Methods in Natural Language Processing},
  editor = {Michael Collins and Mark Steedman},
  url    = {http://www.aclweb.org/anthology/W03-1012.pdf},
  year   = 2003,
  pages  = {89--96}
}

@InProceedings{hara-et-al:09b,
  author    = {Hara, Tadayoshi  and  Miyao, Yusuke  and  Tsujii, Jun'ichi},
  title     = {Descriptive and Empirical Approaches to Capturing Underlying Dependencies among Parsing Errors},
  booktitle = {Proceedings of the 2009 Conference on Empirical Methods in Natural Language Processing},
  month     = {August},
  year      = {2009},
  address   = {Singapore},
  publisher = {Association for Computational Linguistics},
  pages     = {1162--1171},
  url       = {http://www.aclweb.org/anthology/D/D09/D09-1121.pdf}
}

@InProceedings{yates-et-al:06,
  author    = {Yates, Alexander  and  Schoenmackers, Stefan  and  Etzioni, Oren},
  title     = {Detecting Parser Errors Using Web-based Semantic Filters},
  booktitle = {Proceedings of the 2006 Conference on Empirical Methods in Natural Language Processing},
  month     = {July},
  year      = {2006},
  address   = {Sydney, Australia},
  publisher = {Association for Computational Linguistics},
  pages     = {27--34},
  url       = {http://www.aclweb.org/anthology/W/W06/W06-1604.pdf}
}

@InProceedings{zeman:zabokrtsky:05,
  author    = {Zeman, Daniel  and  \v{Z}abokrtsk{\'y}, Zden\v{e}k},
  title     = {Improving Parsing Accuracy by Combining Diverse Dependency Parsers},
  booktitle = {Proceedings of the Ninth International Workshop on Parsing Technology},
  month     = {October},
  year      = {2005},
  address   = {Vancouver, British Columbia},
  publisher = {Association for Computational Linguistics},
  pages     = {171--178},
  url       = {http://www.aclweb.org/anthology/W/W05/W05-1518.pdf}
}

@inproceedings{brunetmanquant:04,
  author    = {Brunet-Manquant, Francis},
  title     = {Syntactic parser combination for improved dependency analysis},
  booktitle = {COLING 2004 3rd Workshop on Robust Methods in Analysis of Natural Language Data},
  editor = {Vincenzo Pallotta and Amalia Todirascu},
  year      = 2004,
  month     = {August 29th},
  address   = {Geneva, Switzerland},
  publisher = {COLING},
  pages     = {24--31},
  url = {http://aclweb.org/anthology-new/W/W04/W04-2004.pdf}
}

@InProceedings{bosco-et-al:10,
  author = {Cristina Bosco and Simonetta Montemagni and Alessandro Mazzei and Vincenzo Lombardo and Felice Dell'Orletta and Alessandro Lenci and Leonardo Lesmo and Giuseppe Attardi and Maria Simi and Alberto Lavelli and Johan Hall and Jens Nilsson and Joakim Nivre},
  title = {Comparing the Influence of Different Treebank Annotations on Dependency Parsing},
  booktitle = {Proceedings of the Seventh conference on International Language Resources and Evaluation (LREC'10)},
  year = {2010},
  month = {may},
  date = {19-21},
  address = {Valletta, Malta},
  editor = {Nicoletta Calzolari (Conference Chair) and Khalid Choukri and Bente Maegaard and Joseph Mariani and Jan Odijk and Stelios Piperidis and Mike Rosner and Daniel Tapias},
  publisher = {European Language Resources Association (ELRA)},
  isbn = {2-9517408-6-7},
  language = {english},
  url = {http://www.lrec-conf.org/proceedings/lrec2010/summaries/196.html}
 }

@InProceedings{nivre:nilsson:05,
  author =       {Joakim Nivre and Jens Nilsson},
  title =        {Pseudo-Projective Dependency Parsing},
  booktitle =    {Proceedings of ACL-05},
  pages=         {99--106},
  address =      {Ann Arbor, MI, USA},
  year =         {2005},
  url = {http://aclweb.org/anthology-new/P/P05/P05-1013.pdf}
}

@InProceedings{dienes:dubey:03,
  author    = {P\'{e}tr Dienes  and  Amit Dubey},
  title     = {Deep Syntactic Processing by Combining Shallow Methods},
  booktitle = {Proceedings of the 41st Annual Meeting of the Association for Computational Linguistics},
  month     = {July},
  year      = {2003},
  address   = {Sapporo, Japan},
  publisher = {Association for Computational Linguistics},
  pages     = {431--438},
  url       = {http://www.aclweb.org/anthology/P03-1055},
  doi       = {10.3115/1075096.1075151}
}

@inproceedings{cahill-et-al:04,
  author    = {Cahill, Aoife  and  Burke, Michael  and  O'Donovan, Ruth  and  Van Genabith, Josef  and  Way, Andy},
  title     = {Long-Distance Dependency Resolution in Automatically Acquired Wide-Coverage PCFG-Based LFG Approximations},
  booktitle = {Proceedings of the 42nd Meeting of the Association for Computational Linguistics (ACL'04), Main Volume},
  year      = 2004,
  month     = {July},
  address   = {Barcelona, Spain},
  pages     = {319--326},
  url       = {http://www.aclweb.org/anthology/P04-1041},
  doi       = {10.3115/1218955.1218996}
}

@inproceedings{levy:manning:04,
  author    = {Levy, Roger  and  Manning, Christopher},
  title     = {Deep Dependencies from Context-Free Statistical Parsers: Correcting the Surface Dependency Approximation},
  booktitle = {Proceedings of the 42nd Meeting of the Association for Computational Linguistics (ACL'04), Main Volume},
  year      = 2004,
  month     = {July},
  address   = {Barcelona, Spain},
  pages     = {327--334},
  url       = {http://www.aclweb.org/anthology/P04-1042},
  doi       = {10.3115/1218955.1218997}
}

@inproceedings{odonovan-et-al:04,
  author    = {O'Donovan, Ruth  and  Burke, Michael  and  Cahill, Aoife  and  Van Genabith, Josef  and  Way, Andy},
  title     = {Large-Scale Induction and Evaluation of Lexical Resources from the {Penn-II} {Treebank}},
  booktitle = {Proceedings of the 42nd Meeting of the Association for Computational Linguistics (ACL'04), Main Volume},
  year      = 2004,
  month     = {July},
  address   = {Barcelona, Spain},
  pages     = {367--374},
  url       = {http://www.aclweb.org/anthology/P04-1047},
  doi       = {10.3115/1218955.1219002}
}

@Article{odonovan-et-al:05,
  author = 	 {O'Donovan, Ruth  and  Burke, Michael  and  Cahill, Aoife  and  Van Genabith, Josef  and  Way, Andy},
  title = 	 {Large-Scale Induction and Evaluation of Lexical Resources from the {Penn-II} and {Penn-III} {Treebanks}},
  journal = 	 {Computational Linguistics},
  year = 	 {2005},
  volume = 	 {31},
  number = 	 {3},
  pages = 	 {330--365},
  url = {http://aclweb.org/anthology-new/J/J05/J05-3003.pdf}
}

@InProceedings{abekawa:okumura:06,
  author    = {Abekawa, Takeshi  and  Okumura, Manabu},
  title     = {Japanese Dependency Parsing Using Co-Occurrence Information and a Combination of Case Elements},
  booktitle = {Proceedings of the 21st International Conference on Computational Linguistics and 44th Annual Meeting of the Association for Computational Linguistics},
  month     = {July},
  year      = {2006},
  address   = {Sydney, Australia},
  publisher = {Association for Computational Linguistics},
  pages     = {833--840},
  url       = {http://www.aclweb.org/anthology/P06-1105},
  doi       = {10.3115/1220175.1220280}
}

@InProceedings{mcclosky-et-al:06,
  author    = {McClosky, David  and  Charniak, Eugene  and  Johnson, Mark},
  title     = {Reranking and Self-Training for Parser Adaptation},
  booktitle = {Proceedings of the 21st International Conference on Computational Linguistics and 44th Annual Meeting of the Association for Computational Linguistics},
  month     = {July},
  year      = {2006},
  address   = {Sydney, Australia},
  publisher = {Association for Computational Linguistics},
  pages     = {337--344},
  url       = {http://www.aclweb.org/anthology/P06-1043},
  doi       = {10.3115/1220175.1220218}
}

@InProceedings{sangati-et-al:09,
  author    = {Sangati, Federico  and  Zuidema, Willem  and  Bod, Rens},
  title     = {A generative re-ranking model for dependency parsing},
  booktitle = {Proceedings of the 11th International Conference on Parsing Technologies (IWPT'09)},
  month     = {October},
  year      = {2009},
  address   = {Paris, France},
  publisher = {Association for Computational Linguistics},
  pages     = {238--241},
  url       = {http://www.aclweb.org/anthology/W09-3839}
}

@conference {bengoetxea:gojenola:09,
	title = {Exploring Treebank Transformations in Dependency Parsing},
	booktitle = {Recent Advances in Natural Language Processing (RANLP 2009)},
	year = {2009},
	chapter = {33-38},
	issn = {1313-8502},
	url = {https://ixa.si.ehu.es/Ixa/Argitalpenak/Artikuluak/1248190513/publikoak/ranlp_kepa-koldo-final.pdf},
	author = {Kepa Bengoetxea and Koldo Gojenola}
}

@InProceedings{bengoetxea:gojenola:iwpt:09,
  author    = {Bengoetxea, Kepa  and  Gojenola, Koldo},
  title     = {Application of feature propagation to dependency parsing},
  booktitle = {Proceedings of the 11th International Conference on Parsing Technologies (IWPT'09)},
  month     = {October},
  year      = {2009},
  address   = {Paris, France},
  publisher = {Association for Computational Linguistics},
  pages     = {142--145},
  url       = {http://www.aclweb.org/anthology/W09-3822}
}

@InProceedings{bengoetxea:gojenola:10,
  author    = {Bengoetxea, Kepa  and  Gojenola, Koldo},
  title     = {Application of Different Techniques to Dependency Parsing of {Basque}},
  booktitle = {Proceedings of the NAACL HLT 2010 First Workshop on Statistical Parsing of Morphologically-Rich Languages},
  month     = {June},
  year      = {2010},
  address   = {Los Angeles, CA, USA},
  publisher = {Association for Computational Linguistics},
  pages     = {31--39},
  url       = {http://www.aclweb.org/anthology/W10-1404}
}

@inproceedings{fishel:nivre:09,
	author = "Mark Fishel and Joakim Nivre",
	title = "Voting and Stacking in Data-Driven Dependency Parsing",
	booktitle = "Proceedings of the 17th Nordic Conference on Computational Linguistics NODALIDA'2009",
	address = "Odense, Denmark",
	pages = "219--222",
	year = "2009",
        url = "http://lepo.it.da.ut.ee/~fishel/doc/publ/vote-stack.nodalida09.pdf"
}

@InProceedings{kawahara:uchimoto:08,
  author = 	 {Daisuke Kawahara and Kiyotaka Uchimoto},
  title = 	 {Learning Reliability of Parses for Domain Adaptation of Dependency Parsing},
  booktitle =    {Proceedings of the Third International Joint Conference on Natural Language Processing (IJCNLP-08)},
  pages = 	 {709--714},
  address =      {Hyderabad, India},
  year = 	 {2008},
  url =          {http://aclweb.org/anthology/I/I08/I08-2097.pdf}
}

@InProceedings{reichart:rappoport:07,
  author    = {Reichart, Roi  and  Rappoport, Ari},
  title     = {An Ensemble Method for Selection of High Quality Parses},
  booktitle = {Proceedings of the 45th Annual Meeting of the Association of Computational Linguistics},
  month     = {June},
  year      = {2007},
  address   = {Prague, Czech Republic},
  publisher = {Association for Computational Linguistics},
  pages     = {408--415},
  url       = {http://www.aclweb.org/anthology/P07-1052}
}

@InProceedings{nivre-et-al:conll:06,
  author    = {Nivre, Joakim  and  Hall, Johan  and  Nilsson, Jens  and  Eryi{\v g}it, G{\"u}l{\c s}en  and  Marinov, Svetoslav},
  title     = {Labeled Pseudo-Projective Dependency Parsing with Support Vector Machines},
  booktitle = {Proceedings of the Tenth Conference on Computational Natural Language Learning (CoNLL-X)},
  month     = {June},
  year      = {2006},
  address   = {New York City},
  publisher = {Association for Computational Linguistics},
  pages     = {221--225},
  url       = {http://www.aclweb.org/anthology/W/W06/W06-2933.pdf}
}

@InProceedings{garg:henderson:11,
  author    = {Garg, Nikhil  and  Henderson, James},
  title     = {Temporal {Restricted} {Boltzmann} {Machines} for Dependency Parsing},
  booktitle = {Proceedings of the 49th Annual Meeting of the Association for Computational Linguistics: Human Language Technologies},
  month     = {June},
  year      = {2011},
  address   = {Portland, Oregon, USA},
  publisher = {Association for Computational Linguistics},
  pages     = {11--17},
  url       = {http://www.aclweb.org/anthology/P11-2003}
}

@InProceedings{agirre-et-al:11,
  author    = {Agirre, Eneko  and  Bengoetxea, Kepa  and  Gojenola, Koldo  and  Nivre, Joakim},
  title     = {Improving Dependency Parsing with Semantic Classes},
  booktitle = {Proceedings of the 49th Annual Meeting of the Association for Computational Linguistics: Human Language Technologies},
  month     = {June},
  year      = {2011},
  address   = {Portland, Oregon, USA},
  publisher = {Association for Computational Linguistics},
  pages     = {699--703},
  url       = {http://www.aclweb.org/anthology/P11-2123}
}

@InProceedings{haffari:razavi:sarkar:11,
  author    = {Haffari, Gholamreza  and  Razavi, Marzieh  and  Sarkar, Anoop},
  title     = {An Ensemble Model that Combines Syntactic and Semantic Clustering for Discriminative Dependency Parsing},
  booktitle = {Proceedings of the 49th Annual Meeting of the Association for Computational Linguistics: Human Language Technologies},
  month     = {June},
  year      = {2011},
  address   = {Portland, Oregon, USA},
  publisher = {Association for Computational Linguistics},
  pages     = {710--714},
  url       = {http://www.aclweb.org/anthology/P11-2125}
}

@InProceedings{zhu:zhu:hu:11,
  author    = {Zhu, Muhua  and  Zhu, Jingbo  and  Hu, Minghan},
  title     = {Better Automatic Treebank Conversion Using A Feature-Based Approach},
  booktitle = {Proceedings of the 49th Annual Meeting of the Association for Computational Linguistics: Human Language Technologies},
  month     = {June},
  year      = {2011},
  address   = {Portland, Oregon, USA},
  publisher = {Association for Computational Linguistics},
  pages     = {715--719},
  url       = {http://www.aclweb.org/anthology/P11-2126}
}

@InProceedings{tsarfaty:simaan:10,
  author    = {Tsarfaty, Reut  and  Sima'an, Khalil},
  title     = {Modeling Morphosyntactic Agreement in Constituency-Based Parsing of Modern Hebrew},
  booktitle = {Proceedings of the NAACL HLT 2010 First Workshop on Statistical Parsing of Morphologically-Rich Languages},
  month     = {June},
  year      = {2010},
  address   = {Los Angeles, CA, USA},
  publisher = {Association for Computational Linguistics},
  pages     = {40--48},
  url       = {http://www.aclweb.org/anthology/W10-1405}
}

@InProceedings{goldberg:elhadad:09,
  author    = {Goldberg, Yoav  and  Elhadad, Michael},
  title     = {Hebrew Dependency Parsing: Initial Results},
  booktitle = {Proceedings of the 11th International Conference on Parsing Technologies (IWPT'09)},
  month     = {October},
  year      = {2009},
  address   = {Paris, France},
  publisher = {Association for Computational Linguistics},
  pages     = {129--133},
  url       = {http://www.aclweb.org/anthology/W09-3819}
}

@InProceedings{ovrelid:nivre:07,
author = {Lilja {\O}vrelid and Joakim Nivre},
title = {When word order and part-of-speech tags are not enough -- {S}wedish dependency parsing with rich linguistic features},
booktitle =	 {Proceedings of the {I}nternational {C}onference on {R}ecent {A}dvances in {N}atural {L}anguage {P}rocessing ({RANLP})},
pages =	 {447-451},
year =	 {2007},
url = {http://heim.ifi.uio.no/liljao/articles/ranlp07.pdf}
} 

@InProceedings{maamouri-et-al:08,
  author = 	 {Mohamed Maamouri and Ann Bies and Seth Kulick},
  title = 	 {Enhanced Annotation and Parsing of the {Arabic} {Treebank}},
  booktitle = {Proceedings of INFOS 2008},
  year = 	 {2008},
  address = 	 {Cairo, Egypt},
  url = {http://papers.ldc.upenn.edu/INFOS2008/Enhanced_Annotation_Parsing_ATB.pdf}
}

@InProceedings{chung:post:gildea:10,
  author    = {Chung, Tagyoung  and  Post, Matt  and  Gildea, Daniel},
  title     = {Factors Affecting the Accuracy of {Korean} Parsing},
  booktitle = {Proceedings of the NAACL HLT 2010 First Workshop on Statistical Parsing of Morphologically-Rich Languages},
  month     = {June},
  year      = {2010},
  address   = {Los Angeles, CA, USA},
  publisher = {Association for Computational Linguistics},
  pages     = {49--57},
  url       = {http://www.aclweb.org/anthology/W10-1406}
}

@InProceedings{matsuzaki-et-al:05,
  author =       {Takuya Matsuzaki and Yusuke Miyao and Jun’ichi Tsujii},
  title =        {Probabilistic {CFG} with Latent Annotations},
  booktitle =    {Proceedings of ACL-05},
  pages=         {75--82},
  address =      {Ann Arbor, MI, USA},
  year =         {2005},
  url = {http://www.aclweb.org/anthology-new/P/P05/P05-1010.pdf}
}

@Article{johnson:98,
  author = 	 {Mark Johnson},
  title = 	 {PCFG Models of Linguistic Tree Representations},
  journal = 	 {Computational Linguistics},
  year = 	 {1998},
  volume = 	 {24},
  number = 	 {4},
  pages = 	 {613--632},
  url = {http://aclweb.org/anthology-new/J/J98/J98-4004.pdf}
}

@InProceedings{prescher:05,
  author    = {Prescher, Detlef},
  title     = {Head-Driven {PCFGs} with Latent-Head Statistics},
  booktitle = {Proceedings of the Ninth International Workshop on Parsing Technology},
  month     = {October},
  year      = {2005},
  address   = {Vancouver, British Columbia},
  publisher = {Association for Computational Linguistics},
  pages     = {115--124},
  url       = {http://www.aclweb.org/anthology/W/W05/W05-1512.pdf}
}

@InProceedings{jiang:liu:09,
  author    = {Jiang, Wenbin  and  Liu, Qun},
  title     = {Automatic Adaptation of Annotation Standards for Dependency Parsing --- Using Projected Treebank as Source Corpus},
  booktitle = {Proceedings of the 11th International Conference on Parsing Technologies (IWPT'09)},
  month     = {October},
  year      = {2009},
  address   = {Paris, France},
  publisher = {Association for Computational Linguistics},
  pages     = {25--28},
  url       = {http://www.aclweb.org/anthology/W09-3803}
}

@InProceedings{smith:eisner:09,
  author    = {Smith, David A.  and  Eisner, Jason},
  title     = {Parser Adaptation and Projection with Quasi-Synchronous Grammar Features},
  booktitle = {Proceedings of the 2009 Conference on Empirical Methods in Natural Language Processing},
  month     = {August},
  year      = {2009},
  address   = {Singapore},
  publisher = {Association for Computational Linguistics},
  pages     = {822--831},
  url       = {http://www.aclweb.org/anthology/D/D09/D09-1086.pdf}
}

@InProceedings{uematsu:tsujii:09,
  author    = {Uematsu, Sumire  and  Tsujii, Jun'ichi},
  title     = {Evaluating Contribution of Deep Syntactic Information to Shallow Semantic Analysis},
  booktitle = {Proceedings of the 11th International Conference on Parsing Technologies (IWPT'09)},
  month     = {October},
  year      = {2009},
  address   = {Paris, France},
  publisher = {Association for Computational Linguistics},
  pages     = {85--88},
  url       = {http://www.aclweb.org/anthology/W09-3814}
}

@inproceedings{gildea:hockenmaier:03,
  author = {Gildea, Daniel  and  Hockenmaier, Julia},
  title  = {Identifying Semantic Roles Using Combinatory Categorial Grammar},
  booktitle = {Proceedings of the 2003 Conference on Empirical Methods in Natural Language Processing},
  editor = {Michael Collins and Mark Steedman},
  url    = {http://www.aclweb.org/anthology/W03-1008.pdf},
  year   = 2003,
  pages  = {57--64}
}

@InProceedings{surdeanu-et-al:08,
  author    = {Surdeanu, Mihai  and  Johansson, Richard  and  Meyers, Adam  and  M\`{a}rquez, Llu\'{\i}s  and  Nivre, Joakim},
  title     = {The CoNLL 2008 Shared Task on Joint Parsing of Syntactic and Semantic Dependencies},
  booktitle = {CoNLL 2008: Proceedings of the Twelfth Conference on Computational Natural Language Learning},
  month     = {August},
  year      = {2008},
  address   = {Manchester, England},
  publisher = {Coling 2008 Organizing Committee},
  pages     = {159--177},
  url       = {http://www.aclweb.org/anthology/W08-2121}
}

@InProceedings{che-et-al:08,
  author    = {Che, Wanxiang  and  Li, Zhenghua  and  Hu, Yuxuan  and  Li, Yongqiang  and  Qin, Bing  and  Liu, Ting  and  Li, Sheng},
  title     = {A Cascaded Syntactic and Semantic Dependency Parsing System},
  booktitle = {CoNLL 2008: Proceedings of the Twelfth Conference on Computational Natural Language Learning},
  month     = {August},
  year      = {2008},
  address   = {Manchester, England},
  publisher = {Coling 2008 Organizing Committee},
  pages     = {238--242},
  url       = {http://www.aclweb.org/anthology/W08-2134}
}

@InProceedings{watanabe-et-al:08,
  author    = {Watanabe, Yotaro  and  Iwatate, Masakazu  and  Asahara, Masayuki  and  Matsumoto, Yuji},
  title     = {A Pipeline Approach for Syntactic and Semantic Dependency Parsing},
  booktitle = {CoNLL 2008: Proceedings of the Twelfth Conference on Computational Natural Language Learning},
  month     = {August},
  year      = {2008},
  address   = {Manchester, England},
  publisher = {Coling 2008 Organizing Committee},
  pages     = {228--232},
  url       = {http://www.aclweb.org/anthology/W08-2132}
}

@inproceedings{frank:semecky:04,
  author = {Anette Frank and Jiri Semecky},
  title = {{Corpus-based Induction of an LFG Syntax-Semantics Interface for Frame Semantic Processing}},
  booktitle = {Proceedings of the 5th International Workshop on Linguistically Interpreted Corpora},
  editor = {Silvia Hansen-Schirra and Stefan Oepen and Hans Uszkoreit},
  address = {Geneva, Switzerland},
  year = {2004},
  url = {http://www.cl.uni-heidelberg.de/~frank/papers/linc04-frank-semecky-new.pdf}
}

@InProceedings{khmylko:foth:menzel:09,
  author    = {Khmylko, Lidia  and  Foth, Kilian A.  and  Menzel, Wolfgang},
  title     = {Co-Parsing with Competitive Models},
  booktitle = {Proceedings of the 11th International Conference on Parsing Technologies (IWPT'09)},
  month     = {October},
  year      = {2009},
  address   = {Paris, France},
  publisher = {Association for Computational Linguistics},
  pages     = {99--107},
  url       = {http://www.aclweb.org/anthology/W09-3816}
}

@InProceedings{foth:menzel:acl:06,
  author    = {Foth, Kilian A.  and  Menzel, Wolfgang},
  title     = {Hybrid Parsing: Using Probabilistic Models as Predictors for a Symbolic Parser},
  booktitle = {Proceedings of the 21st International Conference on Computational Linguistics and 44th Annual Meeting of the Association for Computational Linguistics},
  month     = {July},
  year      = {2006},
  address   = {Sydney, Australia},
  publisher = {Association for Computational Linguistics},
  pages     = {321--328},
  url       = {http://www.aclweb.org/anthology/P06-1041},
  doi       = {10.3115/1220175.1220216}
}

@InProceedings{boullier:nasr:sagot:09,
  author    = {Boullier, Pierre  and  Nasr, Alexis  and  Sagot, Beno\^it},
  title     = {Constructing parse forests that include exactly the n-best {PCFG} trees},
  booktitle = {Proceedings of the 11th International Conference on Parsing Technologies (IWPT'09)},
  month     = {October},
  year      = {2009},
  address   = {Paris, France},
  publisher = {Association for Computational Linguistics},
  pages     = {117--128},
  url       = {http://www.aclweb.org/anthology/W09-3818}
}

@InProceedings{huang-chiang:05,
  author    = {Huang, Liang  and  Chiang, David},
  title     = {Better k-best Parsing},
  booktitle = {Proceedings of the Ninth International Workshop on Parsing Technology},
  month     = {October},
  year      = {2005},
  address   = {Vancouver, British Columbia},
  publisher = {Association for Computational Linguistics},
  pages     = {53--64},
  url       = {http://www.aclweb.org/anthology/W/W05/W05-1506.pdf}
}

@InProceedings{huang:08,
  author    = {Huang, Liang},
  title     = {Forest Reranking: Discriminative Parsing with Non-Local Features},
  booktitle = {Proceedings of ACL-08: HLT},
  month     = {June},
  year      = {2008},
  address   = {Columbus, Ohio},
  publisher = {Association for Computational Linguistics},
  pages     = {586--594},
  url       = {http://www.aclweb.org/anthology/P/P08/P08-1067.pdf}
}

@InProceedings{boullier:sagot:05,
  author    = {Boullier, Pierre  and  Sagot, Beno{\^\i}t},
  title     = {Efficient and Robust {LFG} Parsing: {SxLFG}},
  booktitle = {Proceedings of the Ninth International Workshop on Parsing Technology},
  month     = {October},
  year      = {2005},
  address   = {Vancouver, British Columbia},
  publisher = {Association for Computational Linguistics},
  pages     = {1--10},
  url       = {http://www.aclweb.org/anthology/W/W05/W05-1501.pdf}
}

@InProceedings{nilsson:nivre:hall:07,
  author    = {Nilsson, Jens  and  Nivre, Joakim  and  Hall, Johan},
  title     = {Generalizing Tree Transformations for Inductive Dependency Parsing},
  booktitle = {Proceedings of the 45th Annual Meeting of the Association of Computational Linguistics},
  month     = {June},
  year      = {2007},
  address   = {Prague, Czech Republic},
  publisher = {Association for Computational Linguistics},
  pages     = {968--975},
  url       = {http://www.aclweb.org/anthology/P07-1122}
}

@InProceedings{mcdonald:lerman:pereira:06,
  author    = {McDonald, Ryan  and  Lerman, Kevin  and  Pereira, Fernando},
  title     = {Multilingual Dependency Analysis with a Two-Stage Discriminative Parser},
  booktitle = {Proceedings of the Tenth Conference on Computational Natural Language Learning (CoNLL-X)},
  month     = {June},
  year      = {2006},
  address   = {New York City},
  publisher = {Association for Computational Linguistics},
  pages     = {216--220},
  url       = {http://www.aclweb.org/anthology/W/W06/W06-2932.pdf}
}

@InProceedings{dredze-et-al:07,
  author    = {Dredze, Mark  and  Blitzer, John  and  Pratim Talukdar, Partha  and  Ganchev, Kuzman  and  Graca, Jo\~ao  and  Pereira, Fernando},
  title     = {Frustratingly Hard Domain Adaptation for Dependency Parsing},
  booktitle = {Proceedings of the CoNLL Shared Task Session of EMNLP-CoNLL 2007},
  month     = {June},
  year      = {2007},
  address   = {Prague, Czech Republic},
  publisher = {Association for Computational Linguistics},
  pages     = {1051--1055},
  url       = {http://www.aclweb.org/anthology/D/D07/D07-1112.pdf}
}

@InProceedings{seddah:candito:crabbe:09,
  author    = {Seddah, Djam\'e  and  Candito, Marie  and  Crabb\'e, Beno\^it},
  title     = {Cross parser evaluation : a {French} {Treebanks} study},
  booktitle = {Proceedings of the 11th International Conference on Parsing Technologies (IWPT'09)},
  month     = {October},
  year      = {2009},
  address   = {Paris, France},
  publisher = {Association for Computational Linguistics},
  pages     = {150--161},
  url       = {http://www.aclweb.org/anthology/W09-3824}
}

@InProceedings{schluter:van-genabith:08,
  author = 	 {Natalie Schluter and Josef van Genabith},
  title = 	 {Automatic Induction of Probabilistic LFG Resources for French},
  booktitle = {Proceedings of LREC08},
  year = 	 {2008},
  address = 	 {Marrakesh, Morocco},
  url = {http://www.itu.dk/people/nael/Lrec2008Paper.pdf}
}

@InProceedings{schluter:van-genabith:07,
  author = 	 {Natalie Schluter and Josef van Genabith},
  title = 	 {Preparing, Restructuring, and Augmenting a French Treebank: Lexicalised Parsers or Coherent Treebanks?},
  booktitle = {Proceedings of the 10th Conference of the Pacific Association for Computational Linguistics},
  year = 	 {2007},
  address = 	 {Melbourne, Australia},
  url = {http://www.itu.dk/people/nael/Pacling2007Paper.pdf}
}

@InProceedings{chrupala:van-genabith:06,
  author = 	 {Chrupa{\l}a, Grzegorz  and  van Genabith, Josef},
  title = 	 {Improving Treebank-Based Automatic LFG Induction for Spanish},
  booktitle = {Proceedings of the LFG06 Conference},
  year = 	 {2006},
  url = {http://www.lsv.uni-saarland.de/personalPages/gchrupala/papers/chrupala-vangenabith-2006b/paper.pdf}
}

@InProceedings{hockenmaier:steedman:02,
  author = 	 {Julia Hockenmaier and Mark Steedman},
  title = 	 {Acquiring Compact Lexicalized Grammars from a Cleaner Treebank},
  booktitle = {Proceedings of Third International Conference on Language Resources and Evaluation},
  address = 	 {Las Palmas},
  year = {2002},
  url = {http://nlp.cs.illinois.edu/HockenmaierGroup/Papers/LREC2002/HockenmaierSteedmanLREC2002.ps}
}

@InProceedings{miyao-et-al:04,
  author = 	 {Miyao, Yusuke and Takashi Ninomiya and Jun'ichi Tsujii},
  title = 	 {Corpus-oriented Grammar Development for Acquiring a Head-driven Phrase Structure Grammar from the Penn Treebank},
  booktitle = {Natural Language Processing - IJCNLP 2004},
  pages = 	 {684--693},
  year = 	 {2004},
  address = 	 {Hainan Island, China},
  url = {http://www-tsujii.is.s.u-tokyo.ac.jp/%7Eyusuke/paper/ijcnlp04.pdf}
}

@InProceedings{yoshida:05,
  author = 	 {Kazuhiro Yoshida},
  title = 	 {Corpus-Oriented Development of Japanese {HPSG} Parsers},
  booktitle = {Proceedings of the ACL Student Workshop},
  pages = 	 {139--144},
  year = 	 {2005},
  address = 	 {Ann Arbor, MI},
  url = {http://aclweb.org/anthology-new/P/P05/P05-2024.pdf}
}

@InProceedings{mcclosky-et-al:naacl:06,
  author    = {McClosky, David  and  Charniak, Eugene  and  Johnson, Mark},
  title     = {Effective Self-Training for Parsing},
  booktitle = {Proceedings of the Human Language Technology Conference of the NAACL, Main Conference},
  month     = {June},
  year      = {2006},
  address   = {New York City, USA},
  publisher = {Association for Computational Linguistics},
  pages     = {152--159},
  url       = {http://www.aclweb.org/anthology/N/N06/N06-1020.pdf}
}

@InProceedings{ciaramita:attardi:07,
  author    = {Ciaramita, Massimiliano  and  Attardi, Giuseppe},
  title     = {Dependency Parsing with Second-Order Feature Maps and Annotated Semantic Information},
  booktitle = {Proceedings of the Tenth International Conference on Parsing Technologies},
  month     = {June},
  year      = {2007},
  address   = {Prague, Czech Republic},
  publisher = {Association for Computational Linguistics},
  pages     = {133--143},
  url       = {http://www.aclweb.org/anthology/W/W07/W07-2217.pdf}
}

@InProceedings{yi:palmer:05,
  author    = {Yi, {Szu-ting}  and  Palmer, Martha},
  title     = {The Integration of Syntactic Parsing and Semantic Role Labeling},
  booktitle = {Proceedings of the Ninth Conference on Computational Natural Language Learning (CoNLL-2005)},
  month     = {June},
  year      = {2005},
  address   = {Ann Arbor, Michigan},
  publisher = {Association for Computational Linguistics},
  pages     = {237--240},
  url       = {http://www.aclweb.org/anthology/W/W05/W05-0639.pdf}
}

@InProceedings{riezler-et-al:02,
  author    = {Stefan Riezler  and  Tracy H. King  and  Ronald M. Kaplan  and  Richard Crouch  and  John T. III Maxwell  and  Mark Johnson},
  title     = {Parsing the {Wall} {Street} {Journal} using a {Lexical}-{Functional} {Grammar} and Discriminative Estimation Techniques},
  booktitle = {Proceedings of 40th Annual Meeting of the Association for Computational Linguistics},
  month     = {July},
  year      = {2002},
  address   = {Philadelphia, Pennsylvania, USA},
  publisher = {Association for Computational Linguistics},
  pages     = {271--278},
  url       = {http://www.aclweb.org/anthology/P02-1035},
  doi       = {10.3115/1073083.1073129}
}

@InProceedings{tsarfaty:simaan:07,
  author    = {Tsarfaty, Reut  and  Sima'an, Khalil},
  title     = {Three-Dimensional Parametrization for Parsing Morphologically Rich Languages},
  booktitle = {Proceedings of the Tenth International Conference on Parsing Technologies},
  month     = {June},
  year      = {2007},
  address   = {Prague, Czech Republic},
  publisher = {Association for Computational Linguistics},
  pages     = {156--167},
  url       = {http://www.aclweb.org/anthology/W/W07/W07-2219.pdf}
}

@InProceedings{tsarfaty:06,
  author    = {Tsarfaty, Reut},
  title     = {Integrated Morphological and Syntactic Disambiguation for Modern {Hebrew}},
  booktitle = {Proceedings of the COLING/ACL 2006 Student Research Workshop},
  month     = {July},
  year      = 2006,
  address   = {Sydney, Australia},
  publisher = {Association for Computational Linguistics},
  pages     = {49--54},
  url       = {http://www.aclweb.org/anthology/P/P06/P06-3009.pdf}
}

@INPROCEEDINGS{foth-et-al:00,
    author = {Kilian Foth and Ingo Schr\"oder and Wolfgang Menzel},
    title = {A Transformation-based Parsing Technique With Anytime Properties},
    booktitle = {Proceedings of the 4th International Workshop on Parsing Technologies},
    year = {2000},
    pages = {89--100},
    url = {http://nats-www.informatik.uni-hamburg.de/~menzel/papers/iwpt00.ps.gz}
}

@InProceedings{brill:93,
  author = 	 {Eric Brill},
  title = 	 {Automatic Grammar Induction and Parsing Free Text: A Transformation-Based Approach},
  booktitle = {Proceedings of Human Language Technology (HLT)},
  pages = 	 {237--242},
  year = 	 {1993},
  address = 	 {Plainsboro, NJ},
  url = {http://aclweb.org/anthology-new/H/H93/H93-1047.pdf}
}

@InProceedings{satta:brill:96,
  author    = {Girogion Satta  and  Eric Brill},
  title     = {Efficient Transformation-Based Parsing},
  booktitle = {Proceedings of the 34th Annual Meeting of the Association for Computational Linguistics},
  month     = {June},
  year      = {1996},
  address   = {Santa Cruz, California, USA},
  publisher = {Association for Computational Linguistics},
  pages     = {255--262},
  url       = {http://www.aclweb.org/anthology/P96-1034},
  doi       = {10.3115/981863.981897}
}

@InProceedings{daum-et-al:04,
  author = 	 {Michael Daum and Kilian Foth and Wolfgang Menzel},
  title = 	 {Automatic transformation of phrase treebanks to dependency trees},
  booktitle = {Proceedings of the 4th International Conference on Language Resources and Evaluation, LREC-2004},
  year = 	 {2004},
  address = 	 {Lisbon, Portugal},
  url = {http://nats-www.informatik.uni-hamburg.de/~menzel/papers/lrec2004.ps.gz}
}

@InProceedings{jansche:05,
  author    = {Jansche, Martin},
  title     = {Treebank transfer},
  booktitle = {Proceedings of the Ninth International Workshop on Parsing Technology},
  month     = {October},
  year      = {2005},
  address   = {Vancouver, British Columbia},
  publisher = {Association for Computational Linguistics},
  pages     = {74--82},
  url       = {http://www.aclweb.org/anthology/W/W05/W05-1508.pdf}
}

@TechReport{brill:hladka:98,
  author = 	 {Eric Brill and Barbora Hladk\'a},
  title = 	 {Core Natural Language Processing Technology Applicable to Multiple Languages. The Workshop 98 Final Report, Chapter 5: The Superparser},
  institution =  {Johns Hopkins University},
  year = 	 {1998},
  address = 	 {Baltimore, MD},
  url = {http://www.clsp.jhu.edu/ws98/projects/nlp/report/chapter5/9805.html}
}

@InProceedings{inui:inui:00,
  author = 	 {Takashi Inui and Kentaro Inui},
  title = 	 {Committee-based Decision Making in Probabiiistic Partial Parsing},
  booktitle = {Proceedings of COLING-00},
  pages = 	 {348--354},
  year = 	 {2000},
  address = 	 {Saarbr\"ucken, Germany},
  url = {http://aclweb.org/anthology-new/C/C00/C00-1051.pdf}
}

@Article{punyakanok:roth:yih:08,
  author = 	 {Vasin Punyakanok and Dan Roth and Wen-tau Yih},
  title = 	 {The Importance of Syntactic Parsing and Inference in Semantic Role Labeling},
  journal = 	 {Computational Linguistics},
  year = 	 {2008},
  volume = 	 {34},
  number = 	 {2},
  pages = 	 {257--287},
  note = 	 {Special Issue on Semantic Role Labeling},
  url = {http://aclweb.org/anthology-new/J/J08/J08-2005.pdf}
}

@InProceedings{titov:11,
  author    = {Titov, Ivan},
  title     = {Domain Adaptation by Constraining Inter-Domain Variability of Latent Feature Representation},
  booktitle = {Proceedings of the 49th Annual Meeting of the Association for Computational Linguistics: Human Language Techologies},
  month     = {June},
  year      = {2011},
  address   = {Portland, Oregon, USA},
  publisher = {Association for Computational Linguistics},
  pages     = {62--71},
  url       = {http://www.aclweb.org/anthology/P11-1007}
}

@InProceedings{hajic-et-al:09,
  author    = {Haji\v{c}, Jan  and  Ciaramita, Massimiliano  and  Johansson, Richard  and  Kawahara, Daisuke  and  Mart\'{\i}, Maria Ant\`{o}nia  and  M\`{a}rquez, Llu\'{i}s  and  Meyers, Adam  and  Nivre, Joakim  and  Pad\'{o}, Sebastian  and  \v{S}t\v{e}p\'{a}nek, Jan  and  Stra\v{n}\'{a}k, Pavel  and  Surdeanu, Mihai  and  Xue, Nianwen  and  Zhang, Yi},
  title     = {The CoNLL-2009 Shared Task: Syntactic and Semantic Dependencies in Multiple Languages},
  booktitle = {Proceedings of the Thirteenth Conference on Computational Natural Language Learning (CoNLL 2009): Shared Task},
  month     = {June},
  year      = {2009},
  address   = {Boulder, Colorado},
  publisher = {Association for Computational Linguistics},
  pages     = {1--18},
  url       = {http://www.aclweb.org/anthology/W09-1201}
}

@InProceedings{gesmundo-et-al:09,
  author    = {Gesmundo, Andrea  and  Henderson, James  and  Merlo, Paola  and  Titov, Ivan},
  title     = {A Latent Variable Model of Synchronous Syntactic-Semantic Parsing for Multiple Languages},
  booktitle = {Proceedings of the Thirteenth Conference on Computational Natural Language Learning (CoNLL 2009): Shared Task},
  month     = {June},
  year      = {2009},
  address   = {Boulder, Colorado},
  publisher = {Association for Computational Linguistics},
  pages     = {37--42},
  url       = {http://www.aclweb.org/anthology/W09-1205}
}

@InProceedings{ren-et-al:09,
  author    = {Ren, Han  and  Ji, Donghong  and  Wan, Jing  and  Zhang, Mingyao},
  title     = {Parsing Syntactic and Semantic Dependencies for Multiple Languages with A Pipeline Approach},
  booktitle = {Proceedings of the Thirteenth Conference on Computational Natural Language Learning (CoNLL 2009): Shared Task},
  month     = {June},
  year      = {2009},
  address   = {Boulder, Colorado},
  publisher = {Association for Computational Linguistics},
  pages     = {97--102},
  url       = {http://www.aclweb.org/anthology/W09-1215}
}

@InProceedings{zeman:09,
  author    = {Zeman, Daniel},
  title     = {A Simple Generative Pipeline Approach to Dependency Parsing and Semantic Role Labeling},
  booktitle = {Proceedings of the Thirteenth Conference on Computational Natural Language Learning (CoNLL 2009): Shared Task},
  month     = {June},
  year      = {2009},
  address   = {Boulder, Colorado},
  publisher = {Association for Computational Linguistics},
  pages     = {120--125},
  url       = {http://www.aclweb.org/anthology/W09-1219}
}

@InProceedings{ule:03,
  author = 	 {Tylman Ule},
  title = 	 {Directed Treebank Refinement for PCFG Parsing},
  booktitle = {Proceedings of TLT-03},
  pages = 	 {},
  year = 	 {2003},
  address = 	 {V\"axj\"o, Sweden},
  url = {http://www.sfb441.uni-tuebingen.de/a1/Publikationen/ule03tlt.pdf}
}

@InProceedings{belz:01,
  author = 	 {Anja Belz},
  title = 	 {Optimisation of corpus-derived probabilistic grammars},
  booktitle = {Proceedings of Corpus Linguistics 2001},
  pages = 	 {46--57},
  year = 	 {2001},
  address = 	 {},
  url = {http://www.itri.brighton.ac.uk/~Anja.Belz/Publications/optimisation-of-corpus-derived-grammars-cl2001.ps.gz}
}

@InCollection{belz:02,
  author = 	 {Anja Belz},
  title = 	 {PCFG learning by nonterminal partition search},
  booktitle = 	 {Grammatical Inference: Algorithms and Applications: Proceedings of the 6th International Colloquium on Grammatical Inference (ICGI 2002)},
  pages = 	 {14--27},
  publisher = {Springer},
  year = 	 {2002},
  editor = 	 {P. Adriaans and H. Fernau and M. van Zaanen},
  address = 	 {Berlin},
  url = {http://www.itri.brighton.ac.uk/~Anja.Belz/Publications/icgi-2002.ps.gz}
}

@InProceedings{versley:05,
  author = 	 {Yannick Versley},
  title = 	 {Parser evaluation across text types},
  booktitle = {Proceedings of TLT-05},
  pages = 	 {},
  year = 	 {2005},
  address = 	 {Barcelona, Spain},
  url = {http://www.versley.de/versley_tlt05.pdf}
}

@InProceedings{kuebler-et-al:08,
  author = 	 {K\"ubler, Sandra and Wolfgang Maier and Ines Rehbein and Yannick Versley},
  title = 	 {How to Compare Treebanks},
  booktitle = {Proceedings of the Sixth International Conference on Language Resources and Evaluation (LREC 2008)},
  pages = 	 {},
  year = 	 {2008},
  address = 	 {Marrakesh, Morocco},
  url = {http://jones.ling.indiana.edu/~skuebler/papers/german_parsing.pdf}
}

@InProceedings{kuebler-et-al:06,
  author    = {K\"{u}bler, Sandra  and  Hinrichs, Erhard W.  and  Maier, Wolfgang},
  title     = {Is it Really that Difficult to Parse {German}?},
  booktitle = {Proceedings of the 2006 Conference on Empirical Methods in Natural Language Processing},
  month     = {July},
  year      = {2006},
  address   = {Sydney, Australia},
  publisher = {Association for Computational Linguistics},
  pages     = {111--119},
  url       = {http://www.aclweb.org/anthology/W/W06/W06-1614.pdf}
}

@InProceedings{kuebler:prokic:06,
  author = 	 {K\"ubler, Sandra and Jelena Prokic},
  title = 	 {Why is {German} Dependency Parsing more Reliable than Constituent Parsing?},
  booktitle = {Proceedings of the Fifth International Workshop on Treebanks and Linguistic Theories},
  pages = 	 {},
  year = 	 {2006},
  address = 	 {Prague, Czech Republic},
  url = {http://jones.ling.indiana.edu/~skuebler/papers/german.pdf}
}

@InProceedings{ule:kuebler:04,
  author = 	 {Ule, Tylman and K\"ubler, Sandra},
  title = 	 {From Constituent Structure to Dependencies, and Back},
  booktitle = {Proceedings of the International Conference on Linguistic Evidence},
  pages = 	 {},
  year = 	 {2004},
  address = 	 {T\"ubingen, Germany},
  url = {http://jones.ling.indiana.edu/~skuebler/papers/uk04evid.pdf}
}

@InProceedings{kubler-et-al:09,
  author    = {K\"{u}bler, Sandra  and  Hinrichs, Erhard  and  Maier, Wolfgang  and  Klett, Eva},
  title     = {Parsing Coordinations},
  booktitle = {Proceedings of the 12th Conference of the European Chapter of the ACL (EACL 2009)},
  month     = {March},
  year      = {2009},
  address   = {Athens, Greece},
  publisher = {Association for Computational Linguistics},
  pages     = {406--414},
  url       = {http://www.aclweb.org/anthology/E09-1047}
}

@InProceedings{maier:06,
  author    = {Maier, Wolfgang},
  title     = {Annotation Schemes and their Influence on Parsing Results},
  booktitle = {Proceedings of the COLING/ACL 2006 Student Research Workshop},
  month     = {July},
  year      = {2006},
  address   = {Sydney, Australia},
  publisher = {Association for Computational Linguistics},
  pages     = {19--24},
  url       = {http://www.aclweb.org/anthology/P/P06/P06-3004.pdf}
}

@InProceedings{rehbein:van-genabith:07,
  author    = {Rehbein, Ines  and  van Genabith, Josef},
  title     = {Treebank Annotation Schemes and Parser Evaluation for {G}erman},
  booktitle = {Proceedings of the 2007 Joint Conference on Empirical Methods in Natural Language Processing and Computational Natural Language Learning (EMNLP-CoNLL)},
  month     = {June},
  year      = {2007},
  address   = {Prague, Czech Republic},
  publisher = {Association for Computational Linguistics},
  pages     = {630--639},
  url       = {http://www.aclweb.org/anthology/D/D07/D07-1066.pdf}
}

@inproceedings{schiehlen:04,
  author    = {Schiehlen, Michael},
  title     = {Annotation Strategies for Probabilistic Parsing in {German}},
  booktitle = {Proceedings of Coling 2004 },
  editor = {},
  year      = 2004,
  month     = {Aug 23--Aug 27},
  address   = {Geneva, Switzerland},
  publisher = {COLING},
  pages     = {390--396},
  url = {http://aclweb.org/anthology-new/C/C04/C04-1056.pdf}
}

@InProceedings{forst:03,
  author = 	 {Martin Forst},
  title = 	 {Treebank Conversion - Creating an f-structure bank from the {TIGER} Corpus},
  booktitle = {Proceedings of the LFG03 Conference},
  pages = 	 {},
  year = 	 {2003},
  address = 	 {Saratoga Springs, NY},
  url = {file:///pub/Users/forst/Forst-LFG03.pdf}
}

@InCollection{kuebler:07,
  author = 	 {Sandra K\"ubler},
  title = 	 {How Do Treebank Annotation Schemes Influence Parsing Results? Or How Not to Compare Apples And Oranges},
  booktitle = 	 {Recent Advances in Natural Language Processing IV: Selected Papers from RANLP 2005},
  pages = 	 {},
  publisher = {John Benjamins},
  year = 	 {2007},
  editor = 	 {N. Nicolov and K. Boncheva and G. Angelova and R. Mitkov},
  address = 	 {Amsterdam},
  url = {}
}

@InProceedings{rehbein:van-genabith:07b,
  author    = {Rehbein, Ines  and  van Genabith, Josef},
  title = 	 {Why is It so Difficult to Compare Treebanks? {TIGER} and {T\"uBa-D/Z} Revisited},
  booktitle = {Proceedings of TLT-07},
  pages = 	 {},
  year = 	 {2007},
  address = 	 {Bergen, Norway},
  url = {http://tlt07.uib.no/papers/17.pdf}
}

@InProceedings{xue:07,
  author    = {Nianwen Xue},
  title = 	 {Tapping the implicit information for the PS to DS conversion of the Chinese Treebank},
  booktitle = {Proceedings of TLT-07},
  pages = 	 {},
  year = 	 {2007},
  address = 	 {Bergen, Norway},
  url = {http://tlt07.uib.no/papers/20.pdf}
}

@InProceedings{tsarfaty:simaan:08,
  author    = {Tsarfaty, Reut  and  Sima'an, Khalil},
  title     = {Relational-Realizational Parsing},
  booktitle = {Proceedings of the 22nd International Conference on Computational Linguistics (Coling 2008)},
  month     = {August},
  year      = {2008},
  address   = {Manchester, UK},
  publisher = {Coling 2008 Organizing Committee},
  pages     = {889--896},
  url       = {http://www.aclweb.org/anthology/C08-1112}
}

@InProceedings{bos-et-al:09,
  author = 	 {Johan Bos and Cristina Bosco and Alessandro Mazzei},
  title = 	 {Converting a Dependency Treebank to a Categorial Grammar Treebank for {Italian}},
  booktitle = {Proceedings of Proceedings of the Eighth International Workshop on Treebanks and Linguistic Theories (TLT-8)},
  pages = 	 {},
  year = 	 {2009},
  address = 	 {Milan, Italy},
  url = {http://tlt8.unicatt.it/FullPaper/C_2.pdf}
}

@InProceedings{xia:palmer:01,
  author = 	 {Fei Xia and Martha Palmer},
  title = 	 {Converting Dependency Structures to Phrase Structures},
  booktitle = {Proceedings of the First International Conference on Human Language Technology Research (HLT-01)},
  pages = 	 {},
  year = 	 {2001},
  address = 	 {},
  url = {http://aclweb.org/anthology-new/H/H01/H01-1014.pdf}
}

@InCollection{xia:palmer:10,
  author = 	 {Fei Xia and Martha Palmer},
  title = 	 {From Treebank to Tree-Adjoining Grammar},
  booktitle = 	 {Supertagging: Using Complex Lexical Descriptions in Natural Language Processing},
  pages = 	 {35-72},
  publisher = {MIT Press},
  year = 	 {2010},
  editor = 	 {Srinivas Bangalore and Aravind K. Joshi},
  url = {http://faculty.washington.edu/fxia/papers_from_penn/lextract_chapter_printout.pdf}
}

@InProceedings{hsu:10,
  author = 	 {Yu-Yin Hsu},
  title = 	 {Comparing Conversions of Discontinuity in PCFG Parsing},
  booktitle = {Proceedings of the Ninth International Workshop on Treebanks and Linguistic Theories (TLT-9)},
  pages = 	 {103--113},
  year = 	 {2010},
  address = 	 {Tartu, Estonia},
  url = {http://dspace.utlib.ee/dspace/bitstream/handle/10062/15954/tlt9_submission_32.pdf?sequence=1}
}

@InProceedings{choi:palmer:10,
  author = 	 {Jinho D. Choi and Martha Palmer},
  title = 	 {Robust Constituent-to-Dependency Conversion for English},
  booktitle = {Proceedings of the Ninth International Workshop on Treebanks and Linguistic Theories (TLT-9)},
  pages = 	 {55--66},
  year = 	 {2010},
  address = 	 {Tartu, Estonia},
  url = {http://dspace.utlib.ee/dspace/bitstream/handle/10062/15934/tlt9_submission_3.pdf?sequence=1}
}

@InProceedings{baldwin-et-al:07,
  author    = {Baldwin, Timothy  and  Dras, Mark  and  Hockenmaier, Julia  and  Holloway King, Tracy  and  van Noord, Gertjan},
  title     = {The Impact of Deep Linguistic Processing on Parsing Technology},
  booktitle = {Proceedings of the Tenth International Conference on Parsing Technologies},
  month     = {June},
  year      = {2007},
  address   = {Prague, Czech Republic},
  publisher = {Association for Computational Linguistics},
  pages     = {36--38},
  url       = {http://www.aclweb.org/anthology/W/W07/W07-2205.pdf}
}

@InProceedings{shi:07,
  author    = {Shi, Xiaodong},
  title     = {Nbest Dependency Parsing with linguistically rich models},
  booktitle = {Proceedings of the Tenth International Conference on Parsing Technologies},
  month     = {June},
  year      = {2007},
  address   = {Prague, Czech Republic},
  publisher = {Association for Computational Linguistics},
  pages     = {80--82},
  url       = {http://www.aclweb.org/anthology/W/W07/W07-2210.pdf}
}

@InProceedings{niu:wang:wu:09,
  author    = {Niu, Zheng-Yu  and  Wang, Haifeng  and  Wu, Hua},
  title     = {Exploiting Heterogeneous Treebanks for Parsing},
  booktitle = {Proceedings of the Joint Conference of the 47th Annual Meeting of the ACL and the 4th International Joint Conference on Natural Language Processing of the AFNLP},
  month     = {August},
  year      = {2009},
  address   = {Suntec, Singapore},
  publisher = {Association for Computational Linguistics},
  pages     = {46--54},
  url       = {http://www.aclweb.org/anthology/P/P09/P09-1006.pdf}
}

@InProceedings{zhang:wang:09,
  author    = {Zhang, Yi  and  Wang, Rui},
  title     = {Cross-Domain Dependency Parsing Using a Deep Linguistic Grammar},
  booktitle = {Proceedings of the Joint Conference of the 47th Annual Meeting of the ACL and the 4th International Joint Conference on Natural Language Processing of the AFNLP},
  month     = {August},
  year      = {2009},
  address   = {Suntec, Singapore},
  publisher = {Association for Computational Linguistics},
  pages     = {378--386},
  url       = {http://www.aclweb.org/anthology/P/P09/P09-1043}
}

@InProceedings{ovrelid:kuhn:spreyer:09,
  author    = {{\O}vrelid, Lilja  and  Kuhn, Jonas  and  Spreyer, Kathrin},
  title     = {Improving data-driven dependency parsing using large-scale LFG grammars},
  booktitle = {Proceedings of the ACL-IJCNLP 2009 Conference Short Papers},
  month     = {August},
  year      = {2009},
  address   = {Suntec, Singapore},
  publisher = {Association for Computational Linguistics},
  pages     = {37--40},
  url       = {http://www.aclweb.org/anthology/P/P09/P09-2010.pdf}
}

@inproceedings{lin95,
author = "Lin, Dekang",
year = "1995",
title = "A Dependency-Based Method for Evaluating Broad-Coverage Parsers",
booktitle = "Proceedings of IJCAI-95",
pages = "1420--1425",
url = "http://webdocs.cs.ualberta.ca/~lindek/papers/ijcai95.ps"
}

@article{lin98,
author = "Lin, Dekang",
year = "1998",
title = "A Dependency-Based Method for Evaluating Broad-Coverage Parsers",
journal = "Natural Language Engineering",
volume = "4",
pages = "97--114"
}

@InProceedings{johansson:nugues:08,
  author    = {Johansson, Richard  and  Nugues, Pierre},
  title     = {The Effect of Syntactic Representation on Semantic Role Labeling},
  booktitle = {Proceedings of the 22nd International Conference on Computational Linguistics (Coling 2008)},
  month     = {August},
  year      = {2008},
  address   = {Manchester, UK},
  publisher = {Coling 2008 Organizing Committee},
  pages     = {393--400},
  url       = {http://www.aclweb.org/anthology/C08-1050}
}


@InProceedings{kuebler:telljohann:02,
  author = 	 {K\"ubler, Sandra and Telljohann, Heike},
  title = 	 {Towards a Dependency-Based Evaluation for Partial Parsing},
  booktitle = {Beyond PARSEVAL -- Towards Improved Evaluation Measures for Parsing Systems (LREC 2002 Workshop)},
  year = 	 {2002},
  address = 	 {Las Palmas, Gran Canaria},
  url = {http://jones.ling.indiana.edu/~skuebler/papers/lrec_ws02.ps}
}

@InProceedings{rambow:10,
  author    = {Rambow, Owen},
  title     = {The Simple Truth about Dependency and Phrase Structure Representations: An Opinion Piece},
  booktitle = {Human Language Technologies: The 2010 Annual Conference of the North American Chapter of the Association for Computational Linguistics},
  month     = {June},
  year      = {2010},
  address   = {Los Angeles, California},
  publisher = {Association for Computational Linguistics},
  pages     = {337--340},
  url       = {http://www.aclweb.org/anthology/N10-1049}
}

@inproceedings{cmejrek-et-al:04,
  author    = {M. \v{C}mejrek  and   J. Cu\v{r}\'{i}n  and  J. Havelka},
  title     = {Prague Czech-English Dependency Treebank: Any Hopes for a Common Annotation Scheme?},
  booktitle = {HLT-NAACL 2004 Workshop: Frontiers in Corpus Annotation },
  editor = {A. Meyers},
  year      = 2004,
  month     = {May 2 - May 7},
  address   = {Boston, Massachusetts, USA},
  publisher = {Association for Computational Linguistics},
  pages     = {47--54},
  url = {http://aclweb.org/anthology-new/W/W04/W04-2708.pdf}
}

@InProceedings{nivre:09,
  author    = {Nivre, Joakim},
  title     = {Non-Projective Dependency Parsing in Expected Linear Time},
  booktitle = {Proceedings of the Joint Conference of the 47th Annual Meeting of the ACL and the 4th International Joint Conference on Natural Language Processing of the AFNLP},
  month     = {August},
  year      = {2009},
  address   = {Suntec, Singapore},
  publisher = {Association for Computational Linguistics},
  pages     = {351--359},
  url       = {http://www.aclweb.org/anthology/P/P09/P09-1040.pdf}
}

@InProceedings{gerdes:kahane:11,
  author =       {Kim Gerdes and Sylvain Kahane},
  title =        {Defining dependencies (and constituents)},
  booktitle =    {Proceedings of the International Conference on Dependency Linguistics},
  address =      {Barcelona, Spain},
  pages =        {17--27},
  url =          {http://depling.org/proceedingsDepling2011/papers/gerdesKahane.pdf},
  year =         {2011}
}

@InProceedings{cetinoglu-et-al:11,
  author =       {Ozlem Cetinoglu and Anton Bryl and Jennifer Foster and Josef Van Genabith},
  title =        {Improving Dependency Label Accuracy using Statistical Post-editing: A Cross-Framework Study},
  booktitle =    {Proceedings of the International Conference on Dependency Linguistics},
  address =      {Barcelona, Spain},
  pages =        {300--309},
  url =          {http://depling.org/proceedingsDepling2011/papers/cetinogluBrylFosterVanGenabith.pdf},
  year =         {2011}
}

@InProceedings{henestrozaanguiano-candito:2011:EMNLP,
  author    = {Henestroza Anguiano, Enrique  and  Candito, Marie},
  title     = {Parse Correction with Specialized Models for Difficult Attachment Types},
  booktitle = {Proceedings of the 2011 Conference on Empirical Methods in Natural Language Processing},
  month     = {July},
  year      = {2011},
  address   = {Edinburgh, Scotland, UK.},
  publisher = {Association for Computational Linguistics},
  pages     = {1222--1233},
  url       = {http://www.aclweb.org/anthology/D11-1113}
}

@ARTICLE{zwicky:85,
AUTHOR = "Zwicky, A. M.",
YEAR = "1985",
TITLE = "Heads",
JOURNAL = "Journal of Linguistics",
VOLUME = "21",
PAGES = "1--29"
} 

@BOOK{hudson:90,
AUTHOR = "Hudson, Richard A.",
TITLE = "{E}nglish Word Grammar",
PUBLISHER = "Blackwell",
YEAR = "1990"
}

@BOOK{melcuk:88,
AUTHOR = "Mel'{\v{c}}uk, Igor",
TITLE = "Dependency Syntax: Theory and Practice",
PUBLISHER = "State University of New York Press",
YEAR = "1988"
}

@Book{bod-et-al:03,
  editor = 	 {Rens Bod and Remko Scha and Khalil Sima'an},
  title = 	 {Data-Oriented Parsing},
  publisher = 	 {University of Chicago Press},
  year = 	 {2003}
}

@InProceedings{cer-et-al:10,
  author = 	 {Daniel Cer and Marie-Catherine de Marneffe and Daniel Jurafsky and Christopher D. Manning},
  title = 	 {Parsing to Stanford Dependencies: Trade-offs between speed and accuracy},
  booktitle = {Proceedings of LREC-10},
  year = 	 {2010},
  address = 	 {Malta}
}

@PhDThesis{collins:99,
  author =       {Michael Collins},
  title =        {Head-Driven Statistical Models for Natural Language Parsing},
  year =         {1999},
  school =       {University of Pennsylvania},
  address =      {Philadelphia, PA}
}

@PhdThesis{magerman:94,
  author = 	 {David Magerman},
  title = 	 {Natural language parsing as statistical pattern recognition},
  school = 	 {University of Pennsylvania},
  year = 	 {1994}
}

@InProceedings{yamada:matsumoto:03,
  author = 	 {Hiroyasu Yamada and Yuji Matsumoto},
  title = 	 {Statistical dependency analysis with support vector machines},
  booktitle = {Proceedings of the 8th International Workshop on Parsing Technologies (IWPT-03)},
  year = 	 {2003},
  address = 	 {Nancy, France}
}

@Book{nivre:06,
  author = 	 {Joakim Nivre},
  title = 	 {Inductive Dependency Parsing},
  publisher = 	 {Springer Verlag},
  year = 	 {2006}
}

