% From $JOSHUA/branches/anni/mt_mar_translit.bib (revision 1243)

@InProceedings{Knight1997,
	author    = "Kevin Knight and Jonathan Graehl",
	title     = "Machine transliteration",
	booktitle = "Proceedings of the 35th Annual Meeting of the ACL and 8th Conference of the European Chapter of the Association for Computational Linguistics",
	year      = 1997,
}

@InProceedings{Koehn2004:feature-rich-np,
	author    = "Philipp Koehn and Kevin Knight",
	title     = "Feature-Rich Statistical Translation of Noun Phrases",
	booktitle = "Proceedings of the 42nd Annual Meeting of the ACL",
	year      = 2004,
}

@InProceedings{Yang2006,
	author    = "Mei Yang and Katrin Kirchhoff",
	title     = "Phrase-Based Backoff Models for Machine Translation of Highly Inflected Languages",
	booktitle = "Proceedings of the 11th Conference of the European Chapter of the Association for Computational Linguistics",
	year      = 2006,
}

@InProceedings{Dugast2007,
	author    = "Lo{\"\i}c Dugast and Jean Senellart and Philipp Koehn",
	title     = "Statistical Post-Editing on {SYSTRAN}'s Rule-Based Translation System",
	booktitle = "Proceedings of the 2nd ACL Workshop on Statistical Machine Translation",
	year      = 2006,
}

@InProceedings{Finkel2009,
  author    = "Jenny Rose Finkel and Christopher D. Manning",
  title     = "Nested Named Entity Recognition",
  booktitle = "Proceedings of the 14th Conference on Empirical Methods in Natural Language Processing",
  year      = 2009,
}

@InProceedings{Koehn2004:pharoah,
	author    = "Philipp Koehn",
	title     = "{P}haraoh: a Beam Search Decoder for Phrase-Based Statistical Machine Translation Models",
	booktitle = "Proceedings of the 6th Conference of the Association for Machine Translation in the Americas",
	year      = 2004,
}

@InProceedings{Senellart2003,
	author    = "Jean Senellart and Christian Boitet and Laurent Romary",
	title     = "{XML} Machine Translation",
	booktitle = "Proceedings of the 9th Machine Translation Summit",
	year      = 2003,
}