%% ~~~~~~~~~~~~~~~~~~~~~~~~~~~~~~~~~~~~~~~~~~~~~~~~~~~~~~~~~~~~~

% Meanings as in-the-head rather than in-the-world
@InCollection{ Locke1690:words,
	author   = "John Locke",
	title    = "Of Words",
	year     = 1690,
	crossref = "Martinich2008",
	pages    = "621--625",
}

%% ~~~~~~~~~~~~~~~~~~~~~~~~~~~~~~~~~~~~~~~~~~~~~~~~~~~~~~~~~~~~~
%% ~~~~~ Martinich2008 section III: Reference and Descriptions

@InCollection{ Frege1892:sinn-bedeutung,
	author   = "Gottlob Frege",
	title    = "On Sense and Nominatum",
	year     = 1892,
	crossref = "Martinich2008",
	pages    = "217--229",
	note     = "Translated by Herbert Feigl",
}

@InCollection{ Russell1905:denoting,
	author   = "Bertrand Russell",
	title    = "On Denoting",
	year     = 1905,
	crossref = "Martinich2008",
	pages    = "230--238",
}

@InCollection{ Strawson1950:referring,
	author   = "P. F. Strawson",
	title    = "On Referring",
	year     = 1950,
	crossref = "Martinich2008",
	pages    = "246--260",
}

% Worthless polemic
@InCollection{ Russell1957:strawson,
	author   = "Bertrand Russell",
	title    = "Mr.~Strawson on Referring",
	year     = 1957,
	crossref = "Martinich2008",
	pages    = "261--264",
}

% Distinguishing referential / attributive uses (cf.vs. de-re / de-dicto)
% N.B. That's d\'onnellan not donn\'ellan
@InCollection{ Donnellan1966,
	author   = "Keith Donnellan",
	title    = "Reference and Definite Descriptions",
	year     = 1966,
	crossref = "Martinich2008",
	pages    = "265--277",
}

%% ~~~~~~~~~~~~~~~~~~~~~~~~~~~~~~~~~~~~~~~~~~~~~~~~~~~~~~~~~~~~~
%% ~~~~~ excerpts from Martinich2008 section IV: Names and Demonstratives

% The beginnings of possible-worlds semantics
@InCollection{ Kripke1972:naming-necessity,
	author   = "Saul A. Kripke",
	title    = "Naming and Necessity",
	year     = 1972,
	crossref = "Martinich2008",
	pages    = "290--305",
}

% The Twin Earth thought experiment
@InCollection{ Putnam1973:meaning-reference,
	author   = "Hilary Putnam",
	title    = "Meaning and Reference",
	year     = 1973,
	crossref = "Martinich2008",
	pages    = "306--313",
}

%% ~~~~~~~~~~~~~~~~~~~~~~~~~~~~~~~~~~~~~~~~~~~~~~~~~~~~~~~~~~~~~
%% ~~~~~ excerpts from Martinich2008 section V: Propositional Attitudes

% Handle de-re / de-dicto via ternary relation for "to believe"
@InCollection{ Quine1956:quantifiers,
	author   = "Quine, Willard Van Orman",
	title    = "Quantifiers and Propositional Attitudes",
	year     = 1956,
	crossref = "Martinich2008",
	pages    = "383--388",
}

@InCollection{ Kripke1979:puzzle,
	author   = "Saul A. Kripke",
	title    = "A Puzzle about Belief",
	year     = 1979,
	crossref = "Martinich2008",
	pages    = "433--459",
}

%% ~~~~~~~~~~~~~~~~~~~~~~~~~~~~~~~~~~~~~~~~~~~~~~~~~~~~~~~~~~~~~
%% ~~~~~ excerpts from Martinich2008 section I: Truth and Meaning

% N.B. Schema-T is a *test* of a truth theory, not a definition of truth
@InCollection{ Tarski1944,
	author   = "Alfred Tarski",
	title    = "The Semantic Conceptions of Truth and the Foundations of Semantics",
	year     = 1944,
	crossref = "Martinich2008",
	pages    = "85--107",
}

@InCollection{ Davidson1967:truth-meaning,
	author   = "Donald Davidson",
	title    = "Truth and Meaning",
	year     = 1967,
	crossref = "Martinich2008",
	pages    = "114--125",
}
% Cited in Davidson1967:truth-meaning
@InCollection{ Tarski1956,
	author    = "Alfred Tarski",
	title     = "The Concept of Truth in Formalized Languages",
	year      = 1956,
	booktitle = "Logic, Semantics, and Metamathematics",
	pages     = "152--278",
	publisher = "Clarendon Press",
	location  = "Oxford",
}

% We only read chapter 2
@Book{ Quine1960:word-object,
	author    = "Quine, Willard Van Orman",
	title     = "Word and Object",
	year      = 1960,
	publisher = "MIT Press",
}

%% ~~~~~~~~~~~~~~~~~~~~~~~~~~~~~~~~~~~~~~~~~~~~~~~~~~~~~~~~~~~~~
% N.B. this must come *after* everything which crossrefs it
% N.B. it needs `title' to stand as an entry on it's own, but needs `booktitle' for it's components to inherit.
% BUG: latexmk is making this show up as a separate entry even though there's only one thing cited which crossrefs it
% BUG: bibtex isn't giving the incollection entries their own years!
@Book{ Martinich2008,
	editor    = "A. P. Martinich",
	title     = "The Philosophy of Language",
	booktitle = "The Philosophy of Language",
	edition   = "fifth",
	year      = 2008,
	publisher = "Oxford University Press",
}


@InCollection{SEP:fuzzy-logic,
	author       =	"Hajek, Petr",
	title        =	"Fuzzy Logic",
	booktitle    =	"The Stanford Encyclopedia of Philosophy",
	editor       =	"Edward N. Zalta",
	year         =	2009,
	edition      =	"Spring 2009",
	url = {http://plato.stanford.edu/archives/spr2009/entries/logic-fuzzy/}
}

%% ~~~~~~~~~~~~~~~~~~~~~~~~~~~~~~~~~~~~~~~~~~~~~~~~~~~~~~~~~~~~~
%% ~~~~~~~~~~~~~~~~~~~~~~~~~~~~~~~~~~~~~~~~~~~~~~~~~~~~~~~~ fin.
