%% ~~~~~ these are located in the main q540.bib file
% Barsalou2007:coordinated-noncognition,
% Damasio1994:descartes-error,
% Breazeal2005:face-play,

%% ~~~~~~~~~~~~~~~~~~~~~~~~~~~~~~~~~~~~~~~~~~~~~~~~~~~~~~~~~~~~~
%% ~~~~~~~~~~~~~~~~~~~~~~~~~~~~~~~~~~~~~~~~~~~~~~~~~~~~~~~~~~~~~

Article{ 
	author  = "",
	title   = "",
	year    = 2005,
	journal = "",
	volume  = 17,
	number  = 11,
	pages   = "",
	url = {},
}
2(3)02_Ginsburg_Jablonka1.pdf

Article{ 
	author  = "",
	title   = "",
	year    = 2005,
	journal = "",
	volume  = 17,
	number  = 11,
	pages   = "",
	url = {},
}
2(3)03_Ginsburg_Jablonka2.pdf

@Article{ Ashby2005:frost,
	author  = "F.~Gregory Ashby and Shawn W. Ell and Vivian V. Valentin and Michael B. Casale",
	title   = "{FROST}: A distributed neurocomputational model of working memory maintinence",
	year    = 2005,
	journal = "Journal of Cognitive Neuroscience",
	volume  = 17,
	number  = 11,
	pages   = "1728--1743",
	url = {http://www.psych.ucsb.edu/~ashby/jocn.pdf},
}


%% ~~~~~~~~~~~~~~~~~~~~~~~~~~~~~~~~~~~~~~~~~~~~~~~~~~~~~~~~~~~~~
%% ~~~~~~~~~~~~~~~~~~~~~~~~~~~~~~~~~~~~~~~~~~~~~~~~~~~~~~~~~~~~~
%% ~~~~~ Barrett et al.

@Article{ Barrett2007:emotion-experience,
	author  = "Lisa Feldman Barrett and Batja Mesquita and Kevin N. Ochsner and James J. Gross",
	title   = "The Experience of Emotion",
	year    = 2007,
	journal = "Annual Review of Psychology",
	volume  = 58,
	pages   = "373--403",
	doi = "10.1146/annurev.psych.58.110405.085709",
	url = {http://dept.psych.columbia.edu/~kochsner/pdf/Barrett_AR_2006.pdf},
}

@Article{ Barrett2006:natural-kinds,
	author  = "Lisa Feldman Barrett",
	title   = "Are Emotions Natural Kinds?",
	year    = 2006,
	journal = "Perspectives on Psychological Science",
	volume  = 1,
	number  = 1,
	pages   = "28--58",
	url = {http://homepage.mac.com/philipgerrans/page5/assets/Barrett2006kinds.pdf},
}


%% ~~~~~~~~~~~~~~~~~~~~~~~~~~~~~~~~~~~~~~~~~~~~~~~~~~~~~~~~~~~~~
%% ~~~~~~~~~~~~~~~~~~~~~~~~~~~~~~~~~~~~~~~~~~~~~~~~~~~~~~~~~~~~~
%% ~~~~~ Barsalou et al.

%% ~~~~~~~~~~~~~~~~~~~~~~~~~~~~~~~~~~~~~~~~~~~~~~~~~~~~~~~~~~~~~
%% Dynamic Nature of Concepts

@InCollection{ Barsalou1987:graded-instability,
	author = "Lawrence W. Barsalou",
	title  = "The instability of graded structure: Implications for the nature of concepts",
	year   = 1987,
	pages  = "101--140",
	editor    = "Ulric Neisser",
	booktitle = "Concepts and conceptual development: Ecological and intellectual factors in categorization",
	publisher = "Cambridge University Press",
	address   = "Cambridge",
	url = {http://psychology.emory.edu/cognition/barsalou/papers/Barsalou_chap_1987_instability_graded_structure.pdf},
}

@InCollection{ Barsalou1989:intraconcept-similarity,
	author = "Lawrence W. Barsalou",
	title  = "Intraconcept similarity and its implications for interconcept similarity",
	year   = 1989,
	pages  = "76--121",
	editor    = "S. Vosniadou and A. Ortony",
	booktitle = "Similarity and analogical reasoning",
	publisher = "Cambridge University Press",
	address   = "Cambridge",
	url = {http://psychology.emory.edu/cognition/barsalou/papers/Barsalou_chap_1989_intraconcept_similarity.pdf},
}

@InCollection{ Barsalou1993:flexibility,
	author = "Lawrence W. Barsalou",
	title  = "Flexibility, structure, and linguistic vagary in concepts: Manifestations of a compositional system of perceptual symbols",
	year   = 1993,
	pages  = "29--101",
	editor    = "A.C. Collins and S.E. Gathercole and M.A. Conway",
	booktitle = "Theories of memory",
	publisher = "Lawrence Erlbaum Associates",
	address   = "London",
	url = {http://psychology.emory.edu/cognition/barsalou/papers/Barsalou_chap_1993_perceptual_symbols.pdf},
}

%% ~~~~~~~~~~~~~~~~~~~~~~~~~~~~~~~~~~~~~~~~~~~~~~~~~~~~~~~~~~~~~
%% Grounding the Conceptual System in the Brain's Modal Systems

% [Reprinted in H. Moss & J. Hampton, Conceptual representation (pp. 513-566). East Sussex, UK: Psychology Press.]
@Article{ Barsalou2003:situated,
	author  = "Lawrence W. Barsalou",
	title   = "Situated simulation in the human conceptual system",
	year    = 2003,
	journal = "Language and Cognitive Processes",
	volume  = 18,
	pages   = "513--562",
	url = {http://psychology.emory.edu/cognition/barsalou/papers/Barsalou_LCP_2003_situated_simulation.pdf},
}

@Article{ Barsalou1999:perceptual-ss,
	author  = "Lawrence W. Barsalou",
	title   = "Perceptual symbol systems",
	year    = 1999,
	journal = "Behavioral and Brain Sciences",
	volume  = 22,
	pages   = "577--609",
	url = {http://psychology.emory.edu/cognition/barsalou/papers/Barsalou_BBS_1999_perceptual_symbol_systems.pdf},
}

@Article{ Barsalou2005:continuity,
	author  = "Lawrence W. Barsalou",
	title   = "Continuity of the conceptual system across species",
	year    = 2005,
	journal = "Trends in Cognitive Sciences",
	volume  = 9,
	pages   = "309--311",
	url = {http://psychology.emory.edu/cognition/barsalou/papers/Barsalou_TICS_2005_continuity_across_species.pdf},
}


%% ~~~~~~~~~~~~~~~~~~~~~~~~~~~~~~~~~~~~~~~~~~~~~~~~~~~~~~~~~~~~~
%% Situated Nature of Conseptual System

@InCollection{ Barsalou2008:situating-concepts,
	author = "Lawrence W. Barsalou",
	title  = "Situating concepts",
	year   = 2008,
	pages  = "236--263",
	editor    = "P. Robbins and M. Aydede",
	booktitle = "Cambridge handbook of situated cognition",
	publisher = "Cambridge University Press",
	address   = "New York",
	url = {http://psychology.emory.edu/cognition/barsalou/papers/Barsalou_chap_2008_situating_concepts.pdf},
}

@Article{ Barsalou1999:language-comprehension,
	author  = "Lawrence W. Barsalou",
	title   = "Language comprehension: Archival memory or preparation for situated action?",
	year    = 1999,
	journal = "Discourse Processes",
	volume  = 28,
	pages   = "61--80",
	url = {http://psychology.emory.edu/cognition/barsalou/papers/Barsalou_DP_1999_situated_comprehension.pdf},
}


%% ~~~~~~~~~~~~~~~~~~~~~~~~~~~~~~~~~~~~~~~~~~~~~~~~~~~~~~~~~~~~~
%% Social and Cultural Processes

@InCollection{ Barsalou2003:social-embodiment,
	author = "Lawrence W. Barsalou and Paula M. Niedenthal and A. Barbey and J. Ruppert",
	title  = "Social embodiment",
	year   = 2003,
	pages  = "236--263",
	editor    = "B. Ross",
	booktitle = "The Psychology of Learning and Motivation",
	volume    = 43,
	publisher = "Academic Press",
	address   = "San Diego",
	url = {http://psychology.emory.edu/cognition/barsalou/papers/Barsalou_et_al_PLM_2003_social_embodiment_03.pdf},
}

@Article{ Niedenthal2005:embodiment,
	author  = "Paula M. Niedenthal and Lawrence W. Barsalou and Piotr Winkielman and Silvia Krauth-Gruber and Fran\c{c}ois Ric",
	title   = "Embodiment in attitudes, social perception, and emotion",
	year    = 2005,
	journal = "Personality and Social Psychology Review",
	volume  = 9,
	pages   = "184--211",
	url = {http://psychology.emory.edu/cognition/barsalou/papers/Niedenthal_et_al_PSPR_2005_social_embodiment.pdf},
}


%% ~~~~~~~~~~~~~~~~~~~~~~~~~~~~~~~~~~~~~~~~~~~~~~~~~~~~~~~~~~~~~
%% ~~~~~~~~~~~~~~~~~~~~~~~~~~~~~~~~~~~~~~~~~~~~~~~~~~~~~~~~~~~~~
%% ~~~~~ Breazeal et al.

% Breazeal2005:face-play Breazeal-AL05.pdf

@Article{ Breazeal2003:lip-synch,
	author  = "Cynthia Breazeal",
	title   = "Emotive qualities in lip synchronized robot speech",
	year    = 2003,
	journal = "Advanced Robotics",
	volume  = 17,
	number  = 2,
	pages   = "97--113",
	url = {http://robotic.media.mit.edu/pdfs/journals/Breazeal-AR03.pdf},
}

@InCollection{ Breazeal2005:robot-emotion,
	author = "Cynthia Breazeal and Rodney Brooks",
	title  = "Robot Emotion: A Functional Perspective",
	year   = 2005,
	pages  = "271--310",
	editor    = "J-M. Fellous and M. Arbib",
	booktitle = "Who Needs Emotions: The Brain Meets the Robot",
	publisher = "MIT Press",
	url = {http://robotic.media.mit.edu/pdfs/other/Breazeal-Brooks-03.pdf},
}

@Article{ Breazeal2003:function-meets-style,
	author  = "Cynthia Breazeal",
	title   = "Function Meets Style: Insights from Emotion Theory Applied to {HRI}",
	year    = 2003,
	journal = "IEEE Transactions in Systems, Man, and Cybernetics, Part C",
	volume  = 34,
	number  = 2,
	pages   = "187--194",
	url = {http://robotic.media.mit.edu/pdfs/journals/Breazeal-IEEESMC-04-fms.pdf},
}

@Article{ Breazeal2003:sociable-humanoid,
	author  = "Cynthia Breazeal",
	title   = "Emotion and sociable humanoid robots",
	year    = 2003,
	journal = "International Journal of Human Computer Interaction",
	editor  = "E. Hudlika",
	volume  = 59,
	pages   = "119--155",
	url = {http://robotic.media.mit.edu/pdfs/journals/Breazeal-ijhcs03.pdf},
}

@InProceedings{ Gray2005:self-simulator,
	author  = "Jesse Gray and Cynthia Breazeal and Matt Berlin and Andrew Brooks and Jeff Lieberman",
	title   = "Action Parsing and Goal Inference using Self as Simulator",
	year    = 2005,
	booktitle = "Proceedings of Fourteenth IEEE Workshop on Robot and Human Interactive Communication (Ro-Man05)",
	address = "Nashville, TN",
	pages   = "202--209",
	url = {http://robotic.media.mit.edu/pdfs/conferences/Gray-RoMan-05.pdf},
}

@InProceedings{ Thomaz2005:social-referencing,
	author  = "Andrea Lockerd Thomaz and Matt Berlin and Cynthia Breazeal",
	title   = "An Embodied Computational Model of Social Referencing",
	year    = 2005,
	booktitle = "Proceedings of Fourteenth IEEE Workshop on Robot and Human Interactive Communication (Ro-Man05)",
	address = "Nashville, TN",
	pages   = "591--598",
	url = {http://robotic.media.mit.edu/pdfs/conferences/Lockerd_etal_RoMan-05.pdf},
}


%% ~~~~~~~~~~~~~~~~~~~~~~~~~~~~~~~~~~~~~~~~~~~~~~~~~~~~~~~~~~~~~
%% ~~~~~~~~~~~~~~~~~~~~~~~~~~~~~~~~~~~~~~~~~~~~~~~~~~~~~~~~~~~~~
%% ~~~~~ Hutchins

@Book{ Hutchins1995:wild,
	author = "Edwin Hutchins",
	title  = "Cognition in the Wild",
	year   = 1995,
	publisher = "the MIT Press",
}


%% ~~~~~~~~~~~~~~~~~~~~~~~~~~~~~~~~~~~~~~~~~~~~~~~~~~~~~~~~~~~~~
%% ~~~~~~~~~~~~~~~~~~~~~~~~~~~~~~~~~~~~~~~~~~~~~~~~~~~~~~~~~~~~~
%% ~~~~~ Smith et al.

%% ~~~~~~~~~~~~~~~~~~~~~~~~~~~~~~~~~~~~~~~~~~~~~~~~~~~~~~~~~~~~~
%% Embodiment, Dynamical Systems, and A-not-B

% This is given the year 1994 by Lungarella2005:info-structure
@Book{ Thelen1996:dyn-cog-act,
	author = "Esther Thelen and Linda B. Smith",
	title  = "A Dynamic Systems Approach to the Development of Cognition and Action",
	year   = 1996,
	publisher = "MIT Press",
	address   = "Cambridge, MA",
}
Esther Thelen and Linda B. Smith. Symbolic Thought in a Dynamic Cognition. A Dynamic Systems Approach to the Development of Cognition and Action. MIT Press, 331--339. http://www.indiana.edu/~cogdev/labwork/symbolicthought.pdf

@Book{ Smith1993:dyn-devel,
	editor = "Linda B. Smith and Esther Thelen",
	title  = "A Dynamic Systems Approach to Development",
	year   = 1993,
	publisher = "MIT Press",
}

%% ~~~~~~~~~~~~~~~~~~~~~~~~~~~~~~~~~~~~~~~~~~~~~~~~~~~~~~~~~~~~~
%% Concepts, Categories, Cognitive Development

@Article{ Sandhofer2001:color-size,
	author  = "Catherine M. Sandhofer and Linda B. Smith",
	title   = "Why Children Learn Color and Size Words So Differently: Evidence From Adults' Learning of Artificial Terms",
	year    = 2001,
	journal = "Journal of Experimental Psychology",
	volume  = 130,
	number  = 4,
	pages   = "600--620",
	url = {http://www.indiana.edu/~cogdev/labwork/sandhofer&smith.pdf},
}

% Response
@Article{ Smith1993:cognition-without-concepts,
	author  = "Linda B. Smith and Susan S. Jones",
	title   = "Cognition Without Concepts",
	year    = 1993,
	journal = "Cognitive Development",
	volume  = 8,
	pages   = "181--188",
	url = {http://www.indiana.edu/~cogdev/labwork/cognitionwithoutconcepts.pdf},
}

@InProceedings{ Colunga2000:words-to-names,
	author  = "Eliana Colunga and Linda B. Smith",
	title   = "How Words Get to Be Names",
	year    = 2000,
	booktitle = "Proceedings of the 25th Annual Boston University Conference on Language Development",
	url = {http://www.indiana.edu/~cogdev/labwork/bucld00_FINAL.pdf},
}

@Article{ Smith2005:six-lessons,
	author  = "Linda B. Smith and Michael Gasser",
	title   = "The Development of Embodied Cognition: Six Lessons from Babies",
	year    = 2005,
	journal = "Artificial Life",
	volume  = 11,
	pages   = "13--30",
	url = {http://www.indiana.edu/~cogdev/labwork/6lessons.pdf},
}

%% ~~~~~~~~~~~~~~~~~~~~~~~~~~~~~~~~~~~~~~~~~~~~~~~~~~~~~~~~~~~~~
%% Cross-linguistic

@Article{ Yoshida2001:en-jp-lexica,
	author  = "Hanako Yoshida and Linda B. Smith",
	title   = "Early noun lexicons in {E}nglish and {J}apanese",
	year    = 2001,
	journal = "Cognition",
	volume  = 82,
	pages   = "B63--B74",
	url = {http://www.indiana.edu/~cogdev/labwork/EarlyNounLexicons.pdf},
}

% Response
@Misc{ Yoshida2003:ccc,
	author  = "Hanako Yoshida and Linda B. Smith",
	title   = "Correlations, Concepts, and Cross-Linguistic Differences",
	year    = 2003,
	publisher = "Blackwell Publishing Ltd.",
	url = {http://www.indiana.edu/~cogdev/labwork/correlations.pdf},
}

@InCollection{ Smith2003:making-ontology,
	author = "Linda B. Smith and Eliana Colunga and Hanako Yoshida",
	title  = "Making an Ontology: Cross-linguistic Evidence",
	year   = 2003,
	pages  = "275--302",
	editor    = "Devid H. Rakison and Lisa M. Oakes",
	booktitle = "Early Category and Concept Development: Making Sense of the Blooming, Buzzing Confusion",
	publisher = "Oxford University Press",
	address   = "Oxford",
	url = {http://www.indiana.edu/~cogdev/labwork/Ontology2003.pdf},
}

@Article{ Colunga2009:correlation-vs-prediction,
	author  = "Eliana Colunga and Linda B. Smith and Michael Gasser",
	title   = "Correlation versus prediction in children's word learning: Cross-linguisic evidence and simulations",
	year    = 2009,
	journal = "Language and Cognition",
	volume  = 1,
	number  = 2,
	pages   = "197--217",
	url = {http://www.indiana.edu/~cogdev/labwork/colunga.2009.010.pdf},
}

@Article{ Yoshida2003:shifting-ontology,
	author  = "Hanako Yoshida and Linda B. Smith",
	title   = "Shifting Ontological Boundaries: How {J}apanese- and {E}nglish-Speaking Children Generalize Names for Animals and Artifacts",
	year    = 2003,
	journal = "Developmental Science",
	volume  = 6,
	number  = 1,
	pages   = "1--36",
	url = {http://www.indiana.edu/~cogdev/labwork/Shiftingontological.pdf},
}

@Article{ Colunga2005:kinds,
	author  = "Eliana Colunga and Linda B. Smith",
	title   = "From the Lexicon to Expectations About Kinds: A Role for Associative Learning",
	year    = 2005,
	journal = "Psychological Review",
	volume  = 112,
	number  = 2,
	url = {http://www.indiana.edu/~cogdev/labwork/kinds.pdf},
}

%% ~~~~~~~~~~~~~~~~~~~~~~~~~~~~~~~~~~~~~~~~~~~~~~~~~~~~~~~~~~~~~
%% Early Word Learning

@Article{ Sandhofer2007:adjectives,
	author  = "Catherine M. Sandhofer and Linda B. Smith",
	title   = "Learning Adjectives in the Real World: How Learning Nouns Impedes Learning Adjectives",
	year    = 2007,
	journal = "Language, Learning, and Development",
	volume  = 3,
	number  = 3,
	pages   = "233--267",
	url = {http://www.indiana.edu/~cogdev/labwork/Sandhofer2007LangLearnDev.pdf},
}

@Article{ Hockema2009:outside-in,
	author  = "Stephen A. Hockema and Linda B. Smith",
	title   = "Learning your language, outside-in and inside-out",
	year    = 2009,
	journal = "Linguistics",
	volume  = 47,
	number  = 2,
	pages   = "453--479",
	doi = "DOI 10.1515/LING.2009.016",
	url = {http://www.indiana.edu/~cogdev/labwork/Ling_Hockema_Smith09.pdf},
}

@Article{ Colunga2008:flexibility,
	author  = "Eliana Colunga and Linda B. Smith",
	title   = "Flexibility and variability: Essential to human cognition and the study of human cognition",
	year    = 2008,
	journal = "New Ideas in Psychology",
	volume  = 26,
	pages   = "174--192",
	url = {http://www.indiana.edu/~cogdev/labwork/Colunga_SmithNIP08.pdf},
}

@InCollection{ Smith2000:associative-crane,
	author = "Linda B. Smith",
	title  = "Learning how to learn words: An associative crane",
	year   = 2000,
	booktitle = "Becoming a Word Learner",
	publisher = "Oxford University Press",
	address   = "New York",
	url = {http://www.indiana.edu/~cogdev/labwork/wordlearner.PDF},
}

%% ~~~~~~~~~~~~~~~~~~~~~~~~~~~~~~~~~~~~~~~~~~~~~~~~~~~~~~~~~~~~~
%% Shape bias (and related)

@Article{ Yoshida2003:noun-extensions,
	author  = "Hanako Yoshida and Linda B. Smith",
	title   = "Known and novel noun extensions: Attention at two levels of abstraction",
	year    = 2003,
	journal = "Child Development",
	volume  = 74,
	number  = 2,
	pages   = "564--577",
	url = {http://www.indiana.edu/~cogdev/labwork/Abstraction.pdf},
}

@Article{ Yoshida2005:cues,
	author  = "Hanako Yoshida and Linda B. Smith",
	title   = "Linguistic cues enhance the learning of perceptual cues",
	year    = 2005,
	journal = "Psychological Science",
	volume  = 16,
	number  = 2,
	pages   = "90--95",
	url = {http://www.indiana.edu/~cogdev/labwork/TrainingPsychScience.pdf},
}

@Article{ Samuelson2005:spontaneous-naming,
	author  = "Larissa K. Samuelson and Linda B. Smith",
	title   = "They Call It Like They See It: Spontaneous Naming and Attention to Shape",
	year    = 2005,
	journal = "Developmental Science",
	volume  = 8,
	number  = 2,
	pages   = "182--198",
	url = {http://www.indiana.edu/~cogdev/labwork/spontshape.pdf},
}

@Article{ Samuelson1999:early-vocab,
	author  = "Larissa K. Samuelson and Linda B. Smith",
	title   = "Early noun vocabularies: Do ontology, category organization and syntax correspond?",
	year    = 1999,
	journal = "Cognition",
	volume  = 73,
	number  = 1,
	pages   = "1--33",
	url = {http://www.indiana.edu/~cogdev/labwork/sam.pdf},
}

@Article{ GershkoffStowe2004:first-hundred-nouns,
	author  = "L. Gershkoff-Stowe and Linda B. Smith",
	title   = "Shape and the First Hundred Nouns",
	year    = 2004,
	journal = "Child Development",
	volume  = 75,
	number  = 4,
	pages   = "1098--1114",
	url = {http://www.indiana.edu/~cogdev/labwork/firsthundrednouns.doc},
}

@Article{ Smith2005:action-alters,
	author  = "Linda B. Smith",
	title   = "Action Alters Shape Categories",
	year    = 2005,
	journal = "Cognitive Science",
	volume  = 29,
	pages   = "665--679",
	url = {http://www.indiana.edu/~cogdev/labwork/actionshaperevisioncogsci.doc},
}

@InCollection{ Smith2001:domain-bias,
	author = "Linda B. Smith",
	title  = "How domain-general processes may create domain-specific biases",
	year   = 2001,
	editor    = "Melissa Bowerman and Stephen C. Levinson",
	booktitle = "Language Acquisition and Conceptual Development",
	publisher = "Cambridge University Press",
	url = {http://www.indiana.edu/~cogdev/labwork/Domain-specificbias.pdf},
}

@Article{ Smith2003:bw-reply,
	author  = "Linda B. Smith and Susan S. Jones and Hanako Yoshida and Eliana Colunga",
	title   = "Whose {DAM} account? Attentional learning explains Booth and Waxman",
	year    = 2003,
	journal = "Cognition",
	volume  = 87,
	pages   = "209--213",
	url = {http://www.indiana.edu/~cogdev/labwork/bw-reply.pdf},
}

@InCollection{ Smith2000:avoiding-associations,
	author = "Linda B. Smith",
	title  = "Avoiding Associations when its Behaviorism you Really Hate",
	year   = 2000,
	editor    = "Golinkoff et al.",
	booktitle = "Becoming a word learner, A debate on lexical acquisition",
	publisher = "Oxford University Press",
	url = {http://www.indiana.edu/~cogdev/labwork/avoidingassociations.pdf},
}


%% ~~~~~~~~~~~~~~~~~~~~~~~~~~~~~~~~~~~~~~~~~~~~~~~~~~~~~~~~~~~~~
%% ~~~~~~~~~~~~~~~~~~~~~~~~~~~~~~~~~~~~~~~~~~~~~~~~~~~~~~~~~~~~~
%% ~~~~~ Others

% cited by Lungarella2005:info-structure, not read yet.
@Article{ Yu2004,
	author  = "Chen Yu and Dana H. Ballard",
	title   = "A multimodal learning interface for grounding spoken language in sensory perceptions",
	month   = jul,
	year    = 2004,
	journal = "ACM Transactions on Applied Perceptions",
	volume  = 1,
	number  = 1,
	pages   = "57--80",
}

% not read yet
@Article{ Kohler1961,
	author  = "Ivo Kohler",
	title   = "Experiments with goggles",
	year    = 1961,
	journal = "Scientific American",
	volume  = 206,
	pages   = "62--72",
}
% not read yet
@Article{ Kohler1964,
	author  = "Ivo Kohler",
	title   = "The formation and transformation of the perceptual world",
	year    = 1964,
	journal = "Psychological Issues",
	volume  = 3,
	pages   = "1--173",
}
@Article{ Klein2007,
	author  = "Colin Klein",
	title   = "Kicking the {K}ohler Habit",
	year    = 2007,
	journal = "Philosophical Psychology",
	volume  = 20,
	number  = 5,
	pages   = "609--619",
	url = {http://tigger.uic.edu/~cvklein/papers/KohlerPhilPsy.pdf},
}


% not read. It's the canonical homunculi brain map reference
@Book{ Penfield1950,
	author = "Wilder Penfield and Theodore Rasmussen",
	title  = "The cerebral cortex in man: A clinical study of localization of function",
	year   = 1950,
	publisher = "Macmillian",
	address   = "New York",
}


@Article{ Eriksson2007:charlatanry,
	author  = "Anders Eriksson and Francisco Lacerda",
	title   = "Charlatanry in forensic speech science: A problem to be taken seriously",
	year    = 2007,
	journal = "The International Journal of Speech, Language, and the Law",
	volume  = 14,
	number  = 2,
	pages   = "169--193",
	publisher = "Equinox Publishing",
	doi = "10.1558/ijsll.2007.14.2.169",
	issn = "1748-8885",
}
% that ISSN is for the print version. The online version is 1748-8893

%% ~~~~~~~~~~~~~~~~~~~~~~~~~~~~~~~~~~~~~~~~~~~~~~~~~~~~~~~~~~~~~
%% ~~~~~~~~~~~~~~~~~~~~~~~~~~~~~~~~~~~~~~~~~~~~~~~~~~~~~~~~~~~~~
