%% ~~~~~~~~~~~~~~~~~~~~~~~~~~~~~~~~~~~~~~~~~~~~~~~~~~~~~~~~~~~~~
%% ~~~~~ Books

@Book{ Arkin1998:bbr,
	author = "Ronald C. Arkin",
	title  = "Behavior-Based Robotics",
	year   = 1998,
	publisher = "MIT Press",
	address   = "Cambridge, MA",
}

@Book{ Pfeifer1999:understanding-int,
	author = "Rolf Pfeifer and Christian Scheier",
	title  = "Understanding Intelligence",
	year   = 1999,
	publisher = "MIT Press",
	address   = "Cambridge, MA",
}

% See Brooks1991:without-representation in q540.bib

@Article{ Arkin1989:schema,
	author  = "Ronald C. Arkin",
	title   = "Motor Schema-Based Mobile Robot Navigation",
	year    = 1989,
	journal = "The International Journal of Robotics Research",
	volume  = 8,
	number  = 4,
	pages   = "92--112",
	doi = "10.1177/027836498900800406",
	url = {http://ijr.sagepub.com/cgi/content/abstract/8/4/92},
}

%% ~~~~~~~~~~~~~~~~~~~~~~~~~~~~~~~~~~~~~~~~~~~~~~~~~~~~~~~~~~~~~
%% ~~~~~ Presentation readings

@Article{ Steels2003:shared-grounding,
	author  = "Luc Steels and Jean-Christophe Baille",
	title   = "Shared grounding of event descriptions by autonomous robots",
	year    = 2003,
	journal = "Robotics and Autonomous Systems",
	volume  = 43,
	pages   = "163--173",
	url = {http://bbr.cogs.indiana.edu/papers/steels-03a.pdf},
}

% He also has a thesis about this <http://portal.acm.org/citation.cfm?id=1354327>
@InProceedings{ Velasquez1998:weep-emdm,
	author = "Juan D. Vel{\'a}squez",
	title  = "When Robots Weep: Emotional Memories and Decision-Making",
	year   = 1998,
	booktitle = "Proceedings of AAAI-98",
}

@Article{ Maes1989:action-selection,
	author  = "Pattie Maes",
	title   = "How To Do the Right Thing",
	year    = 1989,
	journal = "Connection Science Journal",
	volume  = 1,
	pages   = "291--323",
	doi = "10.1.1.18.3885",
	url = {http://citeseerx.ist.psu.edu/viewdoc/summary?doi=10.1.1.18.3885},
}
@Book{ Minsky1988:society-of-mind,
	author = "Marvin Minsky",
	title  = "The Society of Mind",
	year   = 1988,
	publisher = "Simon and Schuster",
	address   = "New York",
	isbn = "0-671-65713-5",
}


%% ~~~~~~~~~~~~~~~~~~~~~~~~~~~~~~~~~~~~~~~~~~~~~~~~~~~~~~~~~~~~~
%% ~~~~~ Ancilliary readings for q570 project

@InProceedings{ Cassimatis2004:physical-grammar,
	author  = "Nicholas L. Cassimatis",
	title   = "Grammatical processing using the mechanisms of physical inference",
	year    = 2004,
	booktitle = "Proceedings of the Twenty-Sixth Annual Conference of the Cognitive Science Society",
}
% In Cassimatis2004:physical-grammar; not read yet
@Book{ Jackendoff1990,
	author = "Ray Jackendoff",
	title  = "Semantic Structures",
	year   = 1990,
	publisher = "MIT Press",
	address   = "Cambridge, MA",
}
% In Cassimatis2004:physical-grammar; not read yet
% I think this is a proceedings?
@InProceedings{ Talmy1985,
	author = "Leonard Talmy",
	title  = "Force Dynamics in Language and Thought",
	year   = 1985,
	booktitle = "Papers from the Parasession on Causatives and Agentivity",
}


% See (Roy & Reiter 2005) for summary of importance of concrete situateness for language learning
% See (Lakoff & Johnson 1980) for building metaphor off of spatial reasoning
% See (Bloom 2001) for summary of deictic gestures for disambiguating new nouns
@Article{ Hewlett2007:wubble-world,
	author = "Daniel Hewlett and Shane Hoversten and Wesley Kerr and Paul Cohen and Yu-Han Chang",
	title  = "Wubble World",
	year   = 2007,
	journal = "American Association for Artificial Intelligence",
}

% [21,14,7,17] connectionists on the symbol grounding problem
@Article{ Kerr:learning-wubble-world,
	author = "Wesley Kerr and Shane Hoversten and Daniel Hewlett and Paul Cohen and Yu-Han Chang",
	title  = "Learning in Wubble World",
}

@InProceedings{ Agre1989,
    author    = "Philip E. Agre and David Chapman",
    title     = "What Are Plans for?",
    year      = 1989,
    pages     = "17--34",
    booktitle = "Robotics and Autonomous Systems",
    publisher = "MIT Press",
	doi = "10.1.1.18.2792",
	url = {http://citeseerx.ist.psu.edu/viewdoc/summary?doi=10.1.1.18.2792},
}
% "A.I. Memo 1050a"
% "To appear in Pattie Maes, ed., \textit{New Architectures for Autonomous Agents: Task-level Decomposition and Emergent Functionality}. MIT Press, Cambridge, MA. 1990."

@InProceedings{ Agre1987,
    author    = "Philip E. Agre and David Chapman",
    title     = "Pengi: An implementation of a theory of activity",
    year      = 1987,
    pages     = "268--272",
    booktitle = "Proceedings of the Sixth National Conference on Artificial Intelligence (AAAI-87)",
	location  = "Seattle, WA",
	url = {http://www.aaai.org/Papers/AAAI/1987/AAAI87-048.pdf},
}

% This should be right without a tie between the initials
% cf. <http://nwalsh.com/tex/texhelp/bibtx-23.html>
%
% author = Christopher John Cornish Hellaby Watkins
% photocopy scanned version
@PhdThesis{ Watkins1989:q-learning,
	author  = "Christopher J. C. H. Watkins",
	title   = "Learning from Delayed Rewards",
	school  = "Cambridge University",
	address = "Cambridge, England",
	year    = 1989,
	url = {http://www.cs.rhul.ac.uk/~chrisw/thesis.html},
}

% Haven't actually read this
% Introduced back-prop algorithm, though ignored until the 1986 when David E. Rumelhart, Geoffrey E. Hinton, and Ronald J. Williams popularized it.
@Book{ Bryson1969,
	author = "Bryson, Jr., Arthur Earl and Yu-Chi Ho",
	title  = "Applied optimal control: optimization, estimation, and control.",
	year   = 1969,
	publisher = "Xerox College Publishing",
}

@PhdThesis{ Okasaki1996:thesis,
	author  = "Chris Okasaki",
	title   = "Purely Functional Data Structures",
	school  = "Carnegie Mellon University",
	address = "Pittsburg, PA",
	month   = sep,
	year    = 1996,
	url = {http://www.cs.cmu.edu/~rwh/theses/okasaki.pdf},
}

@InProceedings{ Barbay2006:faster-adaptive,
	author = "J{\'e}r{\'e}my Barbay and Alejandro L{\'o}pez-Ortiz and Tyler Lu",
	title  = "Faster adaptive set intersections for text searching",
	year   = 2006,
	pages  = "146--157",
	booktitle = "Experimental Algorithms: 5th International Workshop (WEA 2006)",
	location  = "Cala Galdana, Menorca",
	publisher = "Springer",
	doi = "10.1.1.87.9365",
	url = {http://www.cs.uwaterloo.ca/~jbarbay/Recherche/Publishing/Publications/wea06.pdf}
}

%% ~~~~~~~~~~~~~~~~~~~~~~~~~~~~~~~~~~~~~~~~~~~~~~~~~~~~~~~~~~~~~
%% ~~~~~~~~~~~~~~~~~~~~~~~~~~~~~~~~~~~~~~~~~~~~~~~~~~~~~~~~ fin.
