%% ~~~~~~~~~~~~~~~~~~~~~~~~~~~~~~~~~~~~~~~~~~~~~~~~~~~~~~~~~~~~~
%% ~~~~~ q700 primary readings

@InCollection{ BeerND:embedded,
	author  = "Randall D. Beer",
	title   = "Dynamical systems and embedded cognition",
	year    = "in press",
	booktitle = "The Cambridge Handbook of Artificial Intelligence",
	editor    = "K. Frankish and W. Ramsey",
	publisher = "Cambridge University Press",
	url = {http://mypage.iu.edu/~rdbeer/Papers/AIHandbookChapter.pdf},
}

@Article{ Clark1998:extended-mind,
	author  = "Andy Clark and David Chalmers",
	title   = "The extended mind",
	month   = jan,
	year    = 1998,
	journal = "Analysis",
	volume  = 58,
	number  = 1,
	pages   = "7--19",
	url = {http://mypage.iu.edu/~rdbeer/COGS-Q700/Clark.pdf},
}

@InCollection{ Pfeifer2008:synthetic-approach,
	author  = "Rolf Pfeifer and Max Lungarella and Olaf Sporns",
	title   = "The synthetic approach to embodied cognition: A primer",
	year    = 2008,
	pages   = "121--137",
	booktitle = "Handbook of Cognitive Science: An Embodied Approach",
	editor    = "P. Calvo and A. Gomila",
	publisher = "Elsevier",
	url = {http://mypage.iu.edu/~rdbeer/COGS-Q700/Pfeifer.pdf},
}


@Article{ Dale2007:graded,
	author  = "Rick Dale and Caitlin Kehoe and Michael J. Spivey",
	title   = "Graded motor responses in the time course of categorizing atypical exemplars",
	year    = 2007,
	journal = "Memory and Cognition",
	volume  = 35,
	pages   = "15--28",
	url = {http://mypage.iu.edu/~rdbeer/COGS-Q700/Dale.pdf},
}

% TODO: use "Di Paulo, Ezequiel A." instead of the tie?
% cf. <http://nwalsh.com/tex/texhelp/bibtx-23.html>
%
% See also Harvey2005:evolutionary-robotics in q540.bib
@Article{ Harvey2005:er,
	author  = "Inman Harvey and Ezequiel A. Di~Paolo and Rachel Wood and Matt Quinn and Elio Tuci",
	title   = "Evolutionary robotics: A new scientific tool for studying cognition",
	year    = 2005,
	journal = "Artificial Life",
	volume  = 11,
	pages   = "79--98",
	url = {http://www.informatics.sussex.ac.uk/users/ezequiel/harvey_etal.pdf},
}

@InCollection{ Beer2009:beyond-control,
	author  = "Randall D. Beer",
	title   = "Beyond control: The dynamics of brain--body--environment interaction in motor systems",
	year    = 2009,
	pages   = "7--24",
	booktitle = "Progress in Motor Control V: A Multidisciplinary Perspective",
	editor    = "D. Sternad",
	publisher = "Springer",
	url = {http://mypage.iu.edu/~rdbeer/Papers/PMCChapter.pdf},
}

@Article{ Ijspeert2001:salamander,
	author  = "Auke Jan Ijspeert",
	title   = "A connectionist central pattern generator for the aquatic and terrestrial gaits of a simulated salamander",
	year    = 2001,
	journal = "Biological Cybernetics",
	volume  = 84,
	pages   = "331--348",
	url = {http://birg2.epfl.ch/publications/fulltext/ijspeert01.pdf},
}

@Article{ Beer1995:ctrnn-dyn,
	author  = "Randall D. Beer",
	title   = "On the dynamics of small continuous-time recurrent neural networks",
	year    = 1995,
	journal = "Adaptive Behavior",
	volume  = 3,
	number  = 4,
	pages   = "471--511",
	url = {http://mypage.iu.edu/~rdbeer/Papers/CTRNNDynamics.pdf},
}

@Article{ Beer2006:ctrnn-param,
	author  = "Randall D. Beer",
	title   = "Parameter space structure of continuous-time recurrent neural networks",
	year    = 2006,
	journal = "Neural Computation",
	volume  = 18,
	pages   = "3009--3051",
	url = {http://mypage.iu.edu/~rdbeer/Papers/CTRNNParam.pdf},
}

@Article{ Chiel1999:dyn-module,
	author  = "Hillel J. Chiel and Randall D. Beer and John C. Gallagher",
	title   = "Evolution and analysis of model {CPG}s for walking: {I}.~Dynamical modules",
	year    = 1999,
	journal = "Journal of Computational Neuroscience",
	volume  = 7,
	number  = 2,
	pages   = "99--118",
	url = {http://mypage.iu.edu/~rdbeer/Papers/JCN1.pdf},
}

@Article{ Beer1999:principles,
	author  = "Randall D. Beer and Hillel J. Chiel and John C. Gallagher",
	title   = "Evolution and analysis of model {CPG}s for walking: {II}.~General principles and individual variability",
	year    = 1999,
	journal = "Journal of Computational Neuroscience",
	volume  = 7,
	number  = 2,
	pages   = "119--147",
	url = {http://mypage.iu.edu/~rdbeer/Papers/JCN2.pdf},
}

@Misc{ BeerND:fitness-space,
	author = "Randall D. Beer",
	title  = "Fitness space structure of a neuromechanical system",
	year   = "submitted",
	url = {http://mypage.iu.edu/~rdbeer/Papers/FitnessSpace.pdf},
}

@InProceedings{ Izquierdo2008:walking-chemotaxis,
	author  = "Eduardo J. Izquierdo and Thomas Buhrmann",
	title   = "Analysis of a dynamical recurrent neural network evolved for two qualitatively different tasks: Walking and chemotaxis",
	year    = 2008,
	pages   = "257--264",
	booktitle = "Proceedings of the 11th International Conference on Artificial Life",
	editor    = "S. Bullock and J. Noble and R. A. Watson and M. A. Bedau",
	publisher = "MIT Press",
	url = {http://www.cogs.sussex.ac.uk/users/eji21/pubs/IzquierdoBuhrmann_AlifeXI.pdf},
}

@Article{ Phattanasri2007:associative-learning,
	author  = "Phattanard Phattanasri and Hillel J. Chiel and Randall D. Beer",
	title   = "The dynamics of associative learning in evolved model circuits",
	year    = 2007,
	journal = "Adaptive Behavior",
	volume  = 15,
	number  = 4,
	pages   = "377--396",
	url = {http://mypage.iu.edu/~rdbeer/Papers/LearningPaper2.pdf},
}

@Article{ Izquierdo2008:continuous-learning,
	author  = "Eduardo J. Izquierdo and Inman Harvey and Randall D. Beer",
	title   = "Associative learning on a continuum in evolved dynamical neural networks",
	year    = 2008,
	journal = "Adaptive Behavior",
	volume  = 16,
	pages   = "361--384",
	url = {http://www.cogs.sussex.ac.uk/users/eji21/pubs/ContinuousLearning.pdf},
}

@InCollection{ Izquierdo2007:temperature-gradient,
	author  = "Eduardo J. Izquierdo and Inman Harvey",
	title   = "The dynamics of associative learning in an evolved situated agent",
	year    = 2007,
	pages   = "365--374",
	booktitle = "Advances in Artificial Life",
	editor    = "F. Almeida~e~Costa et al.",
	publisher = "MIT Press",
	url = {http://www.cogs.susx.ac.uk/users/eji21/pubs/IzquierdoHarveyECAL07.pdf},
}

@InProceedings{ Izquierdo2007:hebbian,
	author  = "Eduardo J. Izquierdo and Inman Harvey",
	title   = "Hebbian learning using fixed weight evolved `neural' networks",
	year    = 2007,
	pages   = "394--401",
	booktitle = "Proceedings of the First IEEE Symposium on Artificial Life",
	editor    = "H. A. Abbass et al.",
	publisher = "IEEE Press",
	url = {http://www.informatics.sussex.ac.uk/users/eji21/pubs/hebbCTRNN.pdf},
}

@InProceedings{ Beer1996:minimal,
	author  = "Randall D. Beer",
	title   = "Toward the evolution of dynamical neural networks for minimally cognitive behavior",
	year    = 1996,
	pages   = "421--429",
	booktitle = "From animals to animats 4: Proceedings of the Fourth International Conference on Simulation of Adaptive Behavior",
	editor    = "P. Maes and M. Mataric and J. Meyer and J. Pollack and S. Wilson",
	publisher = "MIT Press",
	url = {http://mypage.iu.edu/~rdbeer/Papers/SAB96.pdf},
}

@InProceedings{ Slocum2000:affordances,
	author  = "Andrew C. Slocum and Douglas C. Downey and Randall D. Beer",
	title   = "Further experiments in the evolution of minimally cognitive behavior: From perceiving affordances to selective attention",
	year    = 2000,
	pages   = "430--439",
	booktitle = "From Animals to Animats 6: Proceedings of the Sixth International Conference on Simulation of Adaptive Behavior",
	editor    = "J. Meyer and A. Berthoz and D. Floreano and H. Roitblat and S. Wilson",
	publisher = "MIT Press",
	url = {http://mypage.iu.edu/~rdbeer/Papers/SAB2000.pdf},
}

@Article{ Beer2003:cat-perception,
	author  = "Randall D. Beer",
	title   = "The dynamics of active categorical perception in an evolved model agent",
	year    = 2003,
	journal = "Adaptive Behavior",
	volume  = 11,
	number  = 4,
	pages   = "209--243",
	url = {http://mypage.iu.edu/~rdbeer/Papers/CatPerc.pdf},
}
% Counter-response to responses to Beer2003:cat-perception
@Article{ Beer2003:arches,
	author  = "Randall D. Beer",
	title   = "Arches and stones in cognitive architecture",
	year    = 2003,
	journal = "Adaptive Behavior",
	volume  = 11,
	number  = 4,
	pages   = "299--305",
	url = {http://mypage.iu.edu/~rdbeer/Papers/ABResponse.pdf},
}

@Article{ Lungarella2005:info-structure,
	author  = "Max Lungarella and Teresa Pegors and Daniel Bulwinkle and Olaf Sporns",
	title   = "Methods for quantifying the informational structure of sensory and motor data",
	year    = 2005,
	journal = "Neuroinformatics",
	volume  = 3,
	pages   = "243--262",
	url = {http://mypage.iu.edu/~rdbeer/COGS-Q700/Lungarella.pdf},
}

@InCollection{ Nehaniv2007:info-ecology,
	author  = "Chrystopher L. Nehaniv and Daniel Polani and Lars Olsson and Alexander S. Klyubin",
	title   = "Information-theoretic modeling of sensory ecology: Channels of organism-specific meaningful information",
	year    = 2007,
	pages   = "241--282",
	booktitle = "Modeling Biology: Structures, Behaviors, Evolution",
	editor    = "M. D. Laubichler and G. B. Muller",
	publisher = "MIT Press",
	url = {http://mypage.iu.edu/~rdbeer/COGS-Q700/Nehaniv.pdf},
}

@Article{ Ward2008:selective-attention,
	author  = "Robert Ward and Ronnie Ward",
	title   = "Selective attention and control of action: Comparative psychology of an artificial, evolved agent and people",
	year    = 2008,
	journal = "Journal of Experimental Psychology: Human Perception and Performance",
	volume  = 5,
	pages   = "1165--1182",
	url = {http://mypage.iu.edu/~rdbeer/COGS-Q700/Ward.pdf},
}

% TODO: use "Di Paulo, Ezequiel A." instead of the tie?
% cf. <http://nwalsh.com/tex/texhelp/bibtx-23.html>
@Article{ FroeseND:perceptual-crossing,
	author  = "Tom Froese and Ezequiel A. Di~Paolo",
	title   = "Modeling social interaction as perceptual crossing: An investigation into the dynamics of the interaction process",
	year    = "in press",
	journal = "Connection Science",
	url = {http://mypage.iu.edu/~rdbeer/COGS-Q700/Froese.pdf},
}

@Article{ Marocco2003:communication,
	author  = "Davide Marocco and Angelo Cangelosi and Stefano Nolfi",
	title   = "The emergence of communication in evolutionary robots",
	year    = 2003,
	journal = "Phil.{\ }Trans.{\ }R.{\ }Soc.{\ }Lond.",
	volume  = "A 361",
	pages   = "2397--2421",
	url = {http://mypage.iu.edu/~rdbeer/COGS-Q700/Marocco.pdf},
}

@InProceedings{ Quinn2001,
	author  = "Matt Quinn",
	title   = "Evolving communication without dedicated communication channels",
	year    = 2001,
	pages   = "357--366",
	booktitle = "Proceedings of ECAL 2001",
	editor    = "J. Kelemen and P. Sosik",
	publisher = "Springer Verlag",
	url = {http://mypage.iu.edu/~rdbeer/COGS-Q700/Quinn.pdf},
}

@InProceedings{ Williams2008,
	author  = "Paul L. Williams and Randall D. Beer and Michael Gasser",
	title   = "Evolving referential communication in embodied dynamical agents",
	year    = 2008,
	pages   = "702--709",
	booktitle = "Artificial Life XI: Proceedings of the Eleventh International Conference on the Simulation and Synthesis of Living Systems",
	editor    = "S. Bullock and J. Noble and R. Watson and M. A. Bedau",
	publisher = "MIT Press",
	url = {http://mypage.iu.edu/~rdbeer/Papers/PaulALife08.pdf},
}

% TODO: use "Di Paulo, Ezequiel A." instead of the tie?
% cf. <http://nwalsh.com/tex/texhelp/bibtx-23.html>
@Article{ Barandiaran2009:defining-agency,
	author  = "Xabier E. Barandiaran and Ezequiel A. Di~Paolo and Marieke Rohde",
	title   = "Defining agency: Individuality, normativity, asymmetry, and spatio-temporality in action",
	year    = 2009,
	journal = "Adaptive Behavior",
	volume  = 17,
	pages   = "367--386",
	url = {http://mypage.iu.edu/~rdbeer/COGS-Q700/Barandiaran.pdf},
}

% TODO: use "Di Paulo, Ezequiel A." instead of the tie?
% cf. <http://nwalsh.com/tex/texhelp/bibtx-23.html>
@Article{ Egbert2009:autopoiesis,
	author  = "Matthew D. Egbert and Ezequiel A. Di~Paolo",
	title   = "Integrating autopoiesis and behavior: An exploration in computational chemo-ethology",
	year    = 2009,
	journal = "Adaptive Behavior",
	volume  = 17,
	pages   = "387--401",
	url = {http://mypage.iu.edu/~rdbeer/COGS-Q700/Egbert.pdf},
}

%% ~~~~~~~~~~~~~~~~~~~~~~~~~~~~~~~~~~~~~~~~~~~~~~~~~~~~~~~~~~~~~
%% ~~~~~ q700 further readings

@Article{ Hutchins1995:cockpit,
	author  = "Edwin Hutchins",
	title   = "How a cockpit remembers its speeds",
	year    = 1995,
	journal = "Cognitive Science",
	volume  = 19,
	pages   = "265--288",
	url = {http://cognitrn.psych.indiana.edu/rgoldsto/cogsci/Hutchins.pdf},
}

@Article{ Clark2007:hiccups,
	author  = "Andy Clark",
	title   = "Curing cognitive hiccups: A defense of the extended mind",
	year    = 2007,
	journal = "Journal of Philosophy",
	volume  = 104,
	pages   = "163--192",
	url = {http://www.era.lib.ed.ac.uk/handle/1842/1719},
}

@Article{ Lungarella2006:mapping-flow,
	author  = "Max Lungarella and Olaf Sporns",
	title   = "Mapping information flow in sensorimotor networks",
	year    = 2006,
	journal = "PLoS Computational Biology",
	volume  = 2,
	pages   = "1301--1312",
	url = {http://www.ploscompbiol.org/article/fetchObjectAttachment.action;jsessionid=6466E7ABD78645AE5F90188E680F6F4D?uri=info%3Adoi%2F10.1371%2Fjournal.pcbi.0020144&representation=PDF},
}

@InCollection{ Elman1995:dynamical-language,
	author  = "Jeffrey L. Elman",
	title   = "Language as a dynamical system",
	year    = 1995,
	pages   = "195--223",
	booktitle = "Mind as Motion",
	editor    = "Robert F. Port and Tim van~Gelder",
	publisher = "MIT Press",
	address   = "Cambridge, MA",
	url = {http://crl.ucsd.edu/~elman/Papers/dynamics/dynamics.html},
}

% TODO: use "Di Paulo, Ezequiel A." instead of the tie?
% cf. <http://nwalsh.com/tex/texhelp/bibtx-23.html>
@Article{ Vickerstaff2005,
	author  = "R. J. Vickerstaff and Ezequiel A. Di~Paolo",
	title   = "Evolving neural models of path integration",
	year    = 2005,
	journal = "Journal of Experimental Biology",
	volume  = 208,
	pages   = "3349--3366",
	url = {http://www.informatics.sussex.ac.uk/users/ezequiel/Vickerstaff_Di-Paolo_jeb2005.pdf},
}

@Article{ Beer2004:autopoesis,
	author  = "Randall D. Beer",
	title   = "Autopoiesis and cognition in the game of {L}ife",
	year    = 2004,
	journal = "Artificial Life",
	volume  = 10,
	number  = 3,
	pages   = "309--326",
	url = {http://mypage.iu.edu/~rdbeer/Papers/varela.pdf},
}


%% ~~~~~~~~~~~~~~~~~~~~~~~~~~~~~~~~~~~~~~~~~~~~~~~~~~~~~~~~~~~~~
%% ~~~~~ q700 ancilliary project readings

% From Barandiaran2009:defining-agency. Not actually read yet.
@Article{ Beer1995,
	author  = "Randall D. Beer",
	title   = "A dynamical systems perspective on agent environment interaction",
	year    = 1995,
	journal = "Artificial Intelligence",
	volume  = 72,
	pages   = "173--215",
	url = {http://mypage.iu.edu/~rdbeer/Papers/AIJ95.pdf},
}
% From Barandiaran2009:defining-agency. Not actually read yet.
% No url I can find that's not behind a pay-wall
@Article{ Chiel1997,
	author  = "Hillel J. Chiel and Randall D. Beer",
	title   = "The brain has a body: Adaptive behavior emerges from interactions of nervous system, body, and environment",
	year    = 1997,
	journal = "Trends in Neurosciences",
	volume  = 20,
	pages   = "553--557",
}

@Article{ Harnad2001:TT,
	author  = "Stevan Harnad",
	title   = "Minds, Machines, and {T}uring: The Indistinguishability of Indistinguishables",
	year    = 2001,
	journal = "Journal of Logic, Language, and Information",
	volume  = 9,
	number  = 4,
	pages   = "425--445",
	note = {Special issue on ``Alan Turing and Artificial Intelligence''},
	url  = {http://cogprints.org/2615/},
	abstract = {Turing's celebrated 1950 paper proposes a very general methodological criterion for modelling mental function: total functional equivalence and indistinguishability. His criterion gives rise to a hierarchy of Turing Tests, from subtotal (``toy'') fragments of our functions (t1), to total symbolic (pen-pal) function (T2 --- the standard Turing Test), to total external sensorimotor (robotic) function (T3), to total internal microfunction (T4), to total indistinguishability in every empirically discernible respect (T5). This is a ``reverse-engineering'' hierarchy of (decreasing) empirical underdetermination of the theory by the data. Level t1 is clearly too underdetermined, T2 is vulnerable to a counterexample (Searle's Chinese Room Argument), and T4 and T5 are arbitrarily overdetermined. Hence T3 is the appropriate target level for cognitive science. When it is reached, however, there will still remain more unanswerable questions than when Physics reaches its Grand Unified Theory of Everything (GUTE), because of the mind/body problem and the other-minds problem, both of which are inherent in this empirical domain, even though Turing hardly mentions them.}
}

@Book{ Berlin1969,
	author = "Brent Berlin and Paul Kay",
	title  = "Basic Color Terms: Their Universality and Evolution",
	year   = 1969,
	publisher = "University of California Press",
	address   = "Berkeley",
}

%% ~~~~~~~~~~~~~~~~~~~~~~~~~~~~~~~~~~~~~~~~~~~~~~~~~~~~~~~~~~~~~
%% ~~~~~~~~~~~~~~~~~~~~~~~~~~~~~~~~~~~~~~~~~~~~~~~~~~~~~~~~~~~~~
