%% This BibTeX bibliography file in UTF-8 format was created using Papers.
%% http://mekentosj.com/papers/

@article{Maes:1991p3177,
author = {Pattie Maes}, 
journal = {Proceedings of the First European Conference on Artificial Life},
title = {Learning Behavior Networks from Experience},
year = {1991},
date-added = {2009-12-18 16:53:34 -0500},
date-modified = {2009-12-18 16:54:27 -0500},
uri = {papers://FEBCFC5B-6BAF-405F-98CE-F51D72C72510/Paper/p3177},
rating = {0}
}

@article{Petkov:2007p609,
author = {G. Petkov and T. Naydenov and M. Grinberg and B. Kokinov}, 
journal = {Lecture Notes in Computer Science},
title = {Building robots with analogy-based anticipation},
abstract = {Abstract. A new approach to building  with anticipatory behavior is presented. This approach is based on  with a single episode from the past experience of the . The AMBR model of -making is used as a },
year = {2007},
month = {Jan},
date-added = {2009-10-22 06:24:51 -0400},
date-modified = {2009-10-22 06:24:51 -0400},
pmid = {11260537242338442062related:TrujBfZ2RZwJ},
URL = {http://www.springerlink.com/index/w405016052822510.pdf},
local-url = {file://localhost/Users/rcantrel/Papers/Petkov/2007/Petkov_2007_Building%20robots%20with%20analogy-based%20anticipation.pdf},
uri = {papers://FEBCFC5B-6BAF-405F-98CE-F51D72C72510/Paper/p609},
read = {Yes},
rating = {0}
}

@article{Hewlett:2007p3170,
author = {D. Hewlett and S. Hoversten and W. Kerr and P. Cohen}, 
journal = {Proceedings of the 3rd {\ldots}},
title = {Wubble world},
abstract = {We introduce , a virtual environment for learn- ing situated language. In  children create avatars, called ``wubbles,'' which can interact with other chil- dren's avatars through free-form spontaneous play or struc- tured language games. Wubbles can also },
year = {2007},
month = {Jan},
date-added = {2009-12-18 16:47:10 -0500},
date-modified = {2009-12-18 16:47:10 -0500},
pmid = {2277650963024052165related:xf9fvXvXmx8J},
URL = {http://www.aaai.org/Papers/AIIDE/2007/AIIDE07-004.pdf},
local-url = {file://localhost/Users/rcantrel/Papers/Hewlett/2007/Hewlett_2007_Wubble%20world-1.pdf},
uri = {papers://FEBCFC5B-6BAF-405F-98CE-F51D72C72510/Paper/p3170},
rating = {0}
}

@article{Kiryazov:2007p578,
author = {K. Kiryazov and G. Petkov and M. Grinberg and B. Kokinov}, 
journal = {Lecture Notes in Computer Science},
title = {The interplay of analogy-making with active vision and motor control in anticipatory robots},
abstract = {1 Central and East European Center for Cognitive Science, New Bulgarian University, 21 Mon- tevideo Street, Sofia 1618, Bulgaria 2 Cognitive Science, Lund University, Kungshuset, Lundag{\aa}rd SE-222 22 LUND, Sweden },
pages = {233--253},
volume = {4520/2007},
year = {2007},
month = {Jan},
date-added = {2009-10-22 06:24:47 -0400},
date-modified = {2009-10-22 06:53:23 -0400},
doi = {10.1007/978-3-540-74262-3},
pmid = {18220228709676131904related:QKae_nlB2_wJ},
URL = {http://www.springerlink.com/index/w8451r2162540500.pdf},
local-url = {file://localhost/Users/rcantrel/Papers/Kiryazov/2007/Kiryazov_2007_The%20interplay%20of%20analogy-making%20with-1.pdf},
uri = {papers://FEBCFC5B-6BAF-405F-98CE-F51D72C72510/Paper/p578},
read = {Yes},
rating = {0}
}

@InCollection{Yun:2003p2989,
author = {Eun-Kyung Yun and Sung-Bae Cho}, 
booktitle = {AI 2003: Advances in Artificial Intelligence},
title = {Learning Action Selection Network of Intelligent Agent},
pages = {578--589},
year = {2003},
month = {Nov},
date-added = {2009-12-16 11:52:34 -0500},
date-modified = {2009-12-18 16:58:01 -0500},
local-url = {file://localhost/Users/rcantrel/Papers/Yun/2003/Yun_2003_Learning%20Action%20Selection%20Network%20of.pdf},
uri = {papers://FEBCFC5B-6BAF-405F-98CE-F51D72C72510/Paper/p2989},
read = {Yes},
rating = {0}
}

@article{Kerr:2009p117,
author = {Wesley Kerr and Paul Cohen and Yu-Han Chang}, 
title = {Learning and Playing in Wubble World},
pages = {1--6},
year = {2009},
month = {Oct},
date-added = {2009-10-06 10:50:33 -0400},
date-modified = {2009-10-06 10:51:31 -0400},
local-url = {file://localhost/Users/rcantrel/Papers/Kerr/2009/Kerr_2009_Learning%20and%20Playing%20in%20Wubble.pdf},
uri = {papers://FEBCFC5B-6BAF-405F-98CE-F51D72C72510/Paper/p117},
read = {Yes},
rating = {0}
}

@article{Omrcen:2008p2450,
author = {D. Omrcen and A. Ude and A. Kos}, 
journal = {8th IEEE-RAS International Conference on Humanoid {\ldots}},
title = {Learning primitive actions through object exploration},
abstract = {The goal of this paper is to investigate how to acquire useful knowledge by observing the results of exploratory on. We focus on poking as a representative type of nonprehensile manipulation. },
year = {2008},
month = {Jan},
date-added = {2009-12-04 09:59:05 -0500},
date-modified = {2009-12-04 09:59:05 -0500},
pmid = {3276049588753491567related:b2Y3ZL7ddi0J},
URL = {http://www.ijs.si/~aude/publications/humanoids08a.pdf},
local-url = {file://localhost/Users/rcantrel/Papers/Omrcen/2008/Omrcen_2008_Learning%20primitive%20actions%20through%20object.pdf},
uri = {papers://FEBCFC5B-6BAF-405F-98CE-F51D72C72510/Paper/p2450},
read = {Yes},
rating = {0}
}

@article{Maes:2007p862,
author = {Pattie Maes}, 
title = {How to do the Right Thing},
pages = {1--51},
year = {2007},
month = {Nov},
date-added = {2009-10-25 17:33:05 -0400},
date-modified = {2009-11-16 20:23:00 -0500},
local-url = {file://localhost/Users/rcantrel/Papers/Maes/2007/Maes_2007_How%20to%20do%20the%20Right.pdf},
uri = {papers://FEBCFC5B-6BAF-405F-98CE-F51D72C72510/Paper/p862},
read = {Yes},
rating = {0}
}

@article{Kerr:2007p119,
author = {Wesley Kerr and Shane Hoversten and Daniel Hewlett and Paul Cohen and Yu-Han Chang}, 
title = {Learning in Wubble World},
pages = {1--6},
year = {2007},
month = {Apr},
date-added = {2009-10-06 10:50:33 -0400},
date-modified = {2009-10-06 10:52:05 -0400},
local-url = {file://localhost/Users/rcantrel/Papers/Kerr/2007/Kerr_2007_Learning%20in%20Wubble%20World.pdf},
uri = {papers://FEBCFC5B-6BAF-405F-98CE-F51D72C72510/Paper/p119},
read = {Yes},
rating = {0}
}

