% From $JOSHUA/branches/publications/papers/bibliography.bib (revision 1243)

% ~~~~~~~~~~~~~~~~~~~~~~~~~~~~~~~~~~~~~~~~~~~~~~~~~~~~~~~~~~~~~~
% ~~~~~ Short descriptors of conference names

@String{ACL-1989 = "Proceedings of ACL"}
@String{ACL-1995 = "Proceedings of ACL"}
@String{ACL-1996 = "Proceedings of ACL"}
@String{ACL-1997 = "Proceedings of ACL"}
@String{ACL-1998 = "Proceedings of ACL/CoLing"}
@String{ACL-1999 = "Proceedings of ACL"}
@String{ACL-2000 = "Proceedings of ACL"}
@String{ACL-2001 = "Proceedings of ACL"}
@String{ACL-2002 = "Proceedings of ACL"}
@String{ACL-2003 = "Proceedings of ACL"}
@String{ACL-2004 = "Proceedings of ACL"}
@String{ACL-2005 = "Proceedings of ACL"}
@String{ACL-2006 = "Proceedings of the ACL/Coling"}
@String{ACL-2007 = "Proceedings of ACL"}
@String{ACL-2008 = "Proceedings of ACL/HLT"}
@String{ACL-2009 = "Proceedings of ACL"}

@String{EMNLP-2000 = "2000 Joint SIGDAT Conference on Empirical Methods in Natural Language Processing and Very Large Corpora"}
@String{EMNLP-2001 = "Proceedings of EMNLP"}
@String{EMNLP-2002 = "Proceedings of EMNLP"}
@String{EMNLP-2003 = "Proceedings of EMNLP"}
@String{EMNLP-2004 = "Proceedings of EMNLP"}
@String{EMNLP-2005 = "Proceedings of EMNLP"}
@String{EMNLP-2006 = "Proceedings of EMNLP"}
@String{EMNLP-2007 = "Proceedings of EMNLP-CoLing"}
@String{EMNLP-2008 = "Proceedings of EMNLP"}
@String{EMNLP-2009 = "Proceedings of EMNLP"}

@String{HLT-2002 = "Proceedings of HLT"}
@String{NAACL-2001 = "Proceedings of NAACL"}
@String{HLT-NAACL-2003 = "Proceedings of HLT/NAACL"}
@String{HLT-NAACL-2004 = "Proceedings of HLT/NAACL"}
@String{HLT-NAACL-2006 = "Proceedings of HLT/NAACL"}
@String{HLT-NAACL-2007 = "Proceedings of HLT/NAACL"}
@String{HLT-NAACL-2008 = "Proceedings of HLT/NAACL"}
@String{HLT-NAACL-2009 = "Proceedings of HLT/NAACL"}

@String{EACL-1989 = "Proceedings of EACL"}
@String{EACL-2003 = "Proceedings of EACL"}
@String{EACL-2006 = "Proceedings of EACL"}
@String{EACL-2009 = "Proceedings of EACL"}

@String{AMTA-2002 = "Proceedings of AMTA"}
@String{AMTA-2004 = "Proceedings of AMTA"}
@String{AMTA-2006 = "Proceedings of AMTA"}
@String{AMTA-2008 = "Proceedings of AMTA"}

@String{IWSLT = "Proceedings of IWSLT"}

@String{ACL-1989-address = ""}
@String{ACL-1995-address = ""}
@String{ACL-1997-address = ""}
@String{ACL-1998-address = ""}
@String{ACL-1999-address = ""}
@String{ACL-2000-address = ""}
@String{ACL-2001-address = ""}
@String{NAACL-2001-address = ""}
@String{ACL-2002-address = ""}
@String{EMNLP-2002-address = ""}
@String{ACL-2003-address = ""}
@String{EMNLP-2003-address = ""}
@String{ACL-2004-address = ""}
@String{EMNLP-2004-address = ""}
@String{ACL-2005-address = ""}
@String{IWPT-2005-address = ""}
@String{ACL-2006-address = ""}
@String{EMNLP-2006-address = ""}
@String{ACL-2007-address = ""}
@String{EMNLP-2007-address = ""}
@String{ACL-2008-address = ""}
@String{EMNLP-2008-address = ""}
@String{AMTA-2008-address = ""}
@String{EMNLP-2009-address = ""}

@String{EACL-1989-address = ""}
@String{EMNLP-2000-address = ""}
@String{EMNLP-2001-address = ""}
@String{AMTA-2002-address = ""}
@String{EACL-2003-address = ""}
@String{MT-Summit-9-address = ""}
@String{HLT-2002-address = ""}
@String{HLT-NAACL-2003-address = ""}
@String{HLT-NAACL-2004-address = ""}
@String{AMTA-2004-address = ""}
@String{EMNLP-2005-address = ""}
@String{HLT-NAACL-2006-address = ""}
@String{EACL-2006-address = ""}
@String{AMTA-2006-address = ""}
@String{HLT-NAACL-2007-address = ""}
@String{KDD-2008-address = ""}
@String{EACL-2009-address = ""}


% ~~~~~~~~~~~~~~~~~~~~~~~~~~~~~~~~~~~~~~~~~~~~~~~~~~~~~~~~~~~~~~
% ~~~~~ Longer entries suitable for thesis

@String{ACL-1989 = "27th Annual Meeting of the Association for Computational Linguistics (ACL-1989)"}
@String{ACL-1993 = "33rd Annual Meeting of the Association for Computational Linguistics (ACL-1995)"}
@String{ACL-1997 = "35th Annual Meeting of the Association for Computational Linguistics (ACL-1997)"}
@String{ACL-1998 = "36th Annual Meeting of the Association for Computational Linguistics and 17th International Conference on Computational Linguistics (ACL-CoLing-1998)"}
@String{ACL-1999 = "Proceedings of the 37th Annual Meeting of the Association for Computational Linguistics (ACL)"}
@String{ACL-2000 = "Proceedings of the 40th Annual Meeting of the Association for Computational Linguistics (ACL-2000)"}
@String{ACL-2001 = "Proceedings of the 39th Annual Meeting of the Association for Computational Linguistics (ACL-2001)"}
@String{ACL-2002 = "Proceedings of the 40th Annual Meeting of the Association for Computational Linguistics (ACL-2002)"}
@String{ACL-2003 = "Proceedings of the 41st Annual Meeting of the Association for Computational Linguistics (ACL-2003)"}
@String{ACL-2004 = "Proceedings of the 42nd Annual Meeting of the Association for Computational Linguistics (ACL-2004)"}
@String{ACL-2005 = "Proceedings of the 43rd Annual Meeting of the Association for Computational Linguistics (ACL-2005)"}
@String{ACL-2006 = "Proceedings of the 21st International Conference on Computational Linguistics and 44th Annual Meeting of the Association for Computational Linguistics (ACL-CoLing-2006)"}
@String{ACL-2007 = "Proceedings of the 45th Annual Meeting of the Association for Computational Linguistics (ACL-2007)"}
@String{ACL-2008 = "Proceedings of the 46th Annual Meeting of the Association for Computational Linguistics: Human Language Technologies"}

@String{EMNLP-2000 = "2000 Joint SIGDAT Conference on Empirical Methods in Natural Language Processing and Very Large Corpora"}
@String{EMNLP-2001 = "Proceedings of the 2001 Conference on Empirical Methods in Natural Language Processing (EMNLP-2001)"}
@String{EMNLP-2002 = "Proceedings of the 2002 Conference on Empirical Methods in Natural Language Processing (EMNLP-2002)"}
@String{EMNLP-2003 = "Proceedings of the 2003 Conference on Empirical Methods in Natural Language Processing (EMNLP-2003)"}
@String{EMNLP-2004 = "Proceedings of the 2004 Conference on Empirical Methods in Natural Language Processing (EMNLP-2004)"}
@String{EMNLP-2005 = "Proceedings of the 2005 Conference on Empirical Methods in Natural Language Processing (EMNLP-2005)"}
@String{EMNLP-2006 = "Proceedings of the 2006 Conference on Empirical Methods in Natural Language Processing (EMNLP-2006)"}
@String{EMNLP-2007 = "Proceedings of the 2007 Joint Conference on Empirical Methods in Natural Language Processing and Computational Natural Language Learning (EMNLP-CoNLL)"}
@String{EMNLP-2008 = "Proceedings of the 2008 Conference on Empirical Methods in Natural Language Processing (EMNLP-2008)"}
@String{EMNLP-2009 = "Proceedings of the 2009 Conference on Empirical Methods in Natural Language Processing (EMNLP-2009)"}

@String{NAACL-2001 = "Second Meeting of the North American Chapter of the Association for Computational Linguistics"}
@String{HLT-2002 = "Proceedings of Second International Conference on Human Language Technology Research (HLT-02)"}
@String{HLT-NAACL-2003 = "Proceedings of the Human Language Technology Conference of the North American chapter of the Association for Computational Linguistics (HLT/NAACL-2003)"}
@String{HLT-NAACL-2004 = "Proceedings of the Human Language Technology Conference of the North American chapter of the Association for Computational Linguistics (HLT/NAACL-2004)"}
@String{HLT-NAACL-2006 = "Proceedings of the Human Language Technology Conference of the North American chapter of the Association for Computational Linguistics (HLT/NAACL-2006)"}
@String{HLT-NAACL-2007 = "Proceedings of the Human Language Technology Conference of the North American chapter of the Association for Computational Linguistics (HLT/NAACL-2007)"}
@String{HLT-NAACL-2009 = "Proceedings of the Human Language Technology Conference of the North American chapter of the Association for Computational Linguistics (HLT/NAACL-2009)"}

@String{EACL-1989 = "4th Conference of the European Chapter of the Association for Computational Linguistics (EACL-1989)" }
@String{EACL-2003 = "10th Conference of the European Chapter of the Association for Computational Linguistics (EACL-2003)"}
@String{EACL-2006 = "11th Conference of the European Chapter of the Association for Computational Linguistics (EACL-2006)"}
@String{EACL-2009 = "12th Conference of the European Chapter of the Association for Computational Linguistics (EACL-2009)"}

@String{AMTA-2002 = "Proceedings of the 5th Biennial Conference of the Association for Machine Translation in the Americas (AMTA-2002)"}
@String{AMTA-2004 = "Proceedings of the 6th Biennial Conference of the Association for Machine Translation in the Americas (AMTA-2004)"}
@String{AMTA-2006 = "Proceedings of the 7th Biennial Conference of the Association for Machine Translation in the Americas (AMTA-2006)"}
@String{AMTA-2008 = "Proceedings of the 8th Biennial Conference of the Association for Machine Translation in the Americas (AMTA-2008)"}

@String{EAMT-2005 = "Proceedings of the 10th Annual Conference of the European Association for Machine Translation (EAMT-2005)"}

@String{IWSLT = "Proceedings of the International Workshop on Spoken Language Technology"}
@String{IWPT = "Proceedings of the International Workshop on Parsing Technologies"}
@String{WMT = "Proceedings of the Workshop on Statistical Machine Translation"}
@String{KDD = "Proceeding of the ACM SIGKDD international conference on Knowledge discovery and data mining"}
@String{CoNLL-2009 = "Thirteenth Conference On Computational Natural Language Learning (CoNLL-2009)"}

@String{ACL-1989-address = "Vancouver, British Columbia, Canada"}
@String{ACL-1995-address = "Cambridge, Massachusetts"}
@String{ACL-1996-address = "Santa Cruz, California, USA"}
@String{ACL-1997-address = "Madrid, Spain"}
@String{ACL-1998-address = "Montreal, Canada"}
@String{ACL-1999-address = "College Park, Maryland"}
@String{ACL-2000-address = "Hong Kong"}
@String{ACL-2001-address = "Toulouse, France"}
@String{NAACL-2001-address = "Pittsburgh, Pennsylvania"}
@String{ACL-2002-address = "Philadelphia, Pennsylvania"}
@String{EMNLP-2002-address = "Philadelphia, Pennsylvania"}
@String{ACL-2003-address = "Sapporo, Japan"}
@String{EMNLP-2003-address = "Sapporo, Japan"}
@String{ACL-2004-address = "Barcelona, Spain"}
@String{EMNLP-2004-address = "Barcelona, Spain"}
@String{ACL-2005-address = "Ann Arbor, Michigan"}
@String{EAMT-2005-address = "Budapest, Hungary"}
@String{IWPT-2005-address = "Vancouver, BC, Canada"}
@String{ACL-2006-address = "Sydney, Australia"}
@String{EMNLP-2006-address = "Sydney, Australia"}
@String{ACL-2007-address = "Prague, Czech Republic"}
@String{EMNLP-2007-address = "Prague, Czech Republic"}
@String{ACL-2008-address = "Colmbus, Ohio"}
@String{EMNLP-2008-address = "Honolulu, Hawaii"}
@String{AMTA-2008-address = "Honolulu, Hawaii"}
@String{EMNLP-2009-address = "Singapore"}

@String{EACL-1989-address = "Manchester, England"}
@String{EMNLP-2000-address = "Hong Kong"}
@String{EMNLP-2001-address = "Pittsburgh, Pennsylvania"}
@String{AMTA-2002-address = "Tiburon, California"}
@String{EACL-2003-address = "Budapest, Hungary"}
@String{MT-Summit-9-address = "New Orleans, Louisiana"}
@String{HLT-2002-address = "San Diego"}
@String{HLT-NAACL-2003-address = "Edmonton, Alberta"}
@String{HLT-NAACL-2004-address = "Boston, Massachusetts"}
@String{AMTA-2004-address = "Washington DC"}
@String{EMNLP-2005-address = "Vancouver, British Columbia., Canada"}
@String{HLT-NAACL-2006-address = "New York, New York"}
@String{EACL-2006-address = "Trento, Italy"}
@String{AMTA-2006-address = "Cambridge, Massachusetts"}
@String{HLT-NAACL-2007-address = "Rochester, New York"}
@String{KDD-2008-address = "New York"}
@String{EACL-2009-address = "Athens, Greece"}
@String{CoNLL-2009-address = "Boulder, Colorado"}

% ~~~~~~~~~~~~~~~~~~~~~~~~~~~~~~~~~~~~~~~~~~~~~~~~~~~~~~~~~~~~~~
% ~~~~~ Journals
@String{PBML = "Prague Bulletin of Mathematical Linguistics"}


% ~~~~~~~~~~~~~~~~~~~~~~~~~~~~~~~~~~~~~~~~~~~~~~~~~~~~~~~~~~~~~~
% ~~~~~ Statistical translation papers

@Misc{Weaver1949,
	author       = "Warren Weaver",
	title        = "Translation",
	howpublished = "Rockefeller Foundation Memorandum",
	month        = jul,
	year         = 1949,
	note = "Reprinted in ``Readings in Machine Translation,'' MIT Press, edited by S. Nirenburg, H. Somers, and Y. Wilks",
}

@InProceedings{Brown1988,
	author    = "Peter Brown and John Cocke and Della Pietra, Stephen and Della Pietra, Vincent and Frederick Jelinek and Robert Mercer and Paul Poossin",
	title     = "A Statistical Approach to Language Translation",
	booktitle = "12th International Conference on Computational Linguistics (CoLing-1988)",
	year      = 1988,
	url = {http://acl.ldc.upenn.edu/C/C88/C88-1016.pdf}
}

@Article{Brown1990,
	author  = "Peter Brown and John Cocke and Della Pietra, Stephen and Della Pietra, Vincent and Frederick Jelinek and Robert Mercer and Paul Poossin",
	title   = "A Statistical Approach to Language Translation",
	journal = "Computational Linguistics",
	volume  = 16,
	number  = 2,
	month   = jun,
	year    = 1990,
	url = {http://acl.ldc.upenn.edu/J/J90/J90-2002.pdf}
}

@Article{Brown1993,
	author    = "Peter Brown and Della Pietra, Stephen and Della Pietra, Vincent and Robert Mercer",
	title   = "The Mathematics of Machine Translation: Parameter Estimation",
	pages   = "263--311",
	journal   = "Computational Linguistics",
	volume  = 19,
	number  = 2,
	month   = jun,
	year    = 1993,
	url = {http://www.clsp.jhu.edu/ws99/projects/mt/ibm-paper.ps}
}

@InProceedings{CandideSystem1994,
	author    = "Adam Berger and Peter Brown and Della Pietra, Stephen and Della Pietra, Vincent and John Gillett and John Lafferty and Robert Mercer and Harry Printz and Lubos Ures",
	title     = "The {C}andide system for machine translation",
	booktitle = "ARPA Conference on Human Language Technology, 1994",
	year      = 1994,
	url = {http://www.cs.cmu.edu/~aberger/mt.html}
}

@InProceedings{Och1999,
	author    = "Franz Josef Och and Christoph Tillmann and Hermann Ney",
	title     = "Improved Alignment Models for Statistical Machine Translation",
	booktitle = "Proceedings of the Joint Conference of Empirical Methods in Natural Language Processing and Very Large Corpora",
	year      = 1999,
	url = {http://www.isi.edu/~koehn/publications/phrase2003.pdf}
}

@Unpublished{Knight1999,
	author    = "Kevin Knight",
	title     = "A Statistical {MT} Tutorial Workbook",
	note      = "Prepared for the 1999 {JHU} Summer Workshop",
	year      = 1999,
	url = {http://www.clsp.jhu.edu/ws99/projects/mt/}
}

% BUG: the years don't match up
@TechReport{Knight1999b,
	author    = "Yaser Al-Onaizan and Jan Curin and Michael Jahr and Kevin Knight and John Lafferty and Dan Melamed and Franz Josef Och and David Purdy and Noah A. Smith and David Yarowsky",
	title     = "Statistical Machine Translation",
	type      = "Final Report for the 2003 {JHU} Summer Workshop",
	year      = 1999,
	url = {http://www.clsp.jhu.edu/ws99/projects/mt/}
}

% Giza citation
@Article{Och2003,
	author    = "Franz Josef Och and Hermann Ney",
	title     = "A Systematic Comparison of Various Statistical Alignment Models",
	pages     = "19--51",
	journal   = "Computational Linguistics",
	volume    = 29,
	number    = 1,
	year      = 2003,
	url = {http://acl.ldc.upenn.edu/J/J03/J03-1002.pdf}
}

% Berkeley aligner citation
@InProceedings{DeNero2007,
	author    = "John DeNero and Dan Klein",
	title     = "Tailoring Word Alignments to Syntactic Machine Translation",
	booktitle = ACL-2007,
	address   = ACL-2007-address,
	year      = 2007,
}

@PhdThesis{OchThesis,
	author  = "Franz Josef Och",
	title   = "Statistical Machine Translation: From Single-Word Models to Alignment Templates",
	school  = "RWTH Aachen Department of Computer Science",
	address = "Aachen, Germany",
	year    = 2002,
	url = {http://www-i6.informatik.rwth-aachen.de/web/PhD/phd_theses.html}
}

@InProceedings{Och2004b,
	author    = "Franz Josef Och and Daniel Gildea and Sanjeev Khudanpur and Anoop Sarkar and Kenji Yamada and Alex Fraser and Shankar Kumar and Libin Shen and David Smith and Katherine Eng and Viren Jain and Zhen Jin and Dragomir Radev",
	title     = "A Smorgasbord of Features for Statistical Machine Translation",
	booktitle = HLT-NAACL-2004,
	location  = HLT-NAACL-2004-address,
	year      = 2004,
}


% ~~~~~~~~~~~~~~~~~~~~~~~~~~~~~~~~~~~~~~~~~~~~~~~~~~~~~~~~~~~~~~
% ~~~~~ MERT

%MERT
@InProceedings{Och2003c,
	author    = "Franz Josef Och",
	title     = "Minimum Error Rate Training for Statistical Machine Translation",
	booktitle = ACL-2003,
	location  = ACL-2003-address,
	year      = 2003,
}

@Article{Zaidan2009,
	author    = "Omar F. Zaidan",
	title     = "{Z-MERT}: A Fully Configurable Open Source Tool for Minimum Error Rate Training of Machine Translation Systems",
	pages     = "79--88",
	journal   = PBML,
	volume    = 91,
	year      = 2009,
	publisher = "Charles University",
	address   = "Prague",
}

@InProceedings{Zaidan2009b,
	author    = "Omar F. Zaidan and Chris Callison-Burch",
	title     = "Feasibility of Human-in-the-loop Minimum Error Rate Training",
	booktitle = EMNLP-2009,
	location  = EMNLP-2009-address,
	year      = 2009,
}

@InProceedings{Foster2009,
	author    = "George Foster and Roland Kuhn",
	title     = "Stabilizing Minimum Error Rate Training",
	booktitle = WMT,
	location  = EACL-2009-address,
	year      = 2009,
	url = {http://www.aclweb.org/anthology/W/W09/W09-0x39}
}

@InProceedings{WMT09-Findings,
	author    = "Chris Callison-Burch and Philipp Koehn and Christof Monz and Josh Schroeder",
	title     = "Findings of the 2009 {W}orkshop on {S}tatistical {M}achine {T}ranslation",
	booktitle = "Proceedings of the Fourth Workshop on Statistical Machine Translation (WMT09)",
	month     = mar,
	year      = 2009,
	url = {http://www.aclweb.org/anthology/W/W09/W09-0x01}
}

@Article{Bertoldi2009,
	author    = "Nicola Bertoldi and Barry Haddow and Jean-Baptiste Fouet",
	title     = "Improved Minimum Error Rate Training in {M}oses",
	journal   = PBML,
	year      = 2009,
	publisher = "Charles University",
	address   = "Prague",
}

@InProceedings{Smith2006,
	author    = "David A. Smith and Jason Eisner",
	title     = "Minimum risk annealing for training log-linear models",
	booktitle = ACL-2006,
	location  = ACL-2006-address,
	year      = 2006,
}


% ~~~~~~~~~~~~~~~~~~~~~~~~~~~~~~~~~~~~~~~~~~~~~~~~~~~~~~~~~~~~~~
% ~~~~~ Phrase-based translation

@InProceedings{Kumar2004,
	author    = "Shankar Kumar and William Byrne",
	title     = "Local phrase reordering models for statistical machine translation",
	booktitle = HLT-NAACL-2004,
	location  = HLT-NAACL-2004-address,
	year      = 2004,
}

@Article{Kumar2006,
	author  = "Shankar Kumar and Yonggang Deng and William Byrne",
	title   = "A weighted finite state transducer translation template model for statistical machine translation",
	pages   = "35--75",
	journal = "Natural Language Engineering",
	volume  = 12,
	number  = 1,
	year    = 2006,
}

@InProceedings{Eisner2006,
	author    = "Jason Eisner and Roy W. Tromble",
	title     = "Local Search with Very Large-Scale Neighborhoods for Optimal Permutations in Machine Translation",
	booktitle = HLT-NAACL-2006,
	location  = HLT-NAACL-2006-address,
	year      = 2006,
	url = {http://cs.jhu.edu/~jason/papers/#hard06}
}

% different treatment of beam stacks
@InProceedings{Zens2004,
	author    = "Richard Zens and Hermann Ney and Taro Watanabe and Eiichiro Sumita",
	title     = "Reordering Constraints for Phrase-Based Statistical Machine Translation",
	booktitle = "Proceedings of the 20th International Conference on Computational Linguistics",
	location  = "Geneva, Switzerland",
	year      = 2004,
}

@InProceedings{Al-Onaizan2006,
	author    = "Yaser Al-Onaizan and Kishore Papineni",
	title     = "A Phrase-based Unigram Model for Statistical Machine Translation",
	booktitle = ACL-2006,
	location  = ACL-2006-address,
	year      = 2006
}

@InProceedings{Tillmann2003b,
	author    = "Christoph Tillmann and Fei Xia",
	title     = "Distortion Models for Statistical Machine Translation",
	booktitle = HLT-NAACL-2003,
	location  = HLT-NAACL-2003-address,
	year      = 2003,
}

@InProceedings{Tillmann2004,
	author    = "Christoph Tillmann",
	title     = "A Unigram Orientation Model for Statistical Machine Translation",
	booktitle = HLT-NAACL-2004,
	location  = HLT-NAACL-2004-address,
	year      = 2004,
}

@InProceedings{Tillmann2005,
	author    = "Christoph Tillmann and Tong Zhang",
	title     = "A Localized Prediction Model for Statistical Machine Translation",
	booktitle = ACL-2005,
	location  = ACL-2005-address,
	year      = 2005,
}

@InProceedings{Callison-Burch2005b,
	author    = "Chris Callison-Burch and Colin Bannard and Josh Schroeder",
	title     = "Scaling Phrase-Based Statistical Machine Translation to Larger Corpora and Longer Phrases",
	booktitle = ACL-2005,
	location  = ACL-2005-address,
	year      = 2005,
}

@Article{Och2004,
	author  = "Franz Josef Och and Hermann Ney",
	title   = "The Alignment Template Approach to Statistical Machine Translation",
	pages   = "417--449",
	journal   = "Computational Linguistics",
	volume  = 30,
	number  = 4,
	year    = 2004,
	url = {http://acl.ldc.upenn.edu/J/J04/J04-4002.pdf}
}

@InProceedings{Marcu2002,
	author    = "Daniel Marcu and William Wong",
	title     = "A Phrase-based, Joint Probability Model for Statistical Machine Translation",
	booktitle = EMNLP-2002,
	location  = EMNLP-2002-address,
	year      = 2002,
	url = {http://www.isi.edu/~marcu/papers/jointmt2002.pdf}
}

@InProceedings{Birch2006,
	author    = "Alexandra Birch and Chris Callison-Burch and Miles Osborne",
	title     = "Constraining the Phrase-Based, Joint Probability Statistical Translation Model",
	booktitle = AMTA-2006,
	location  = AMTA-2006-address,
	year      = 2006,
}

@InProceedings{Koehn2003,
	author    = "Philipp Koehn and Franz Josef Och and Daniel Marcu",
	title     = "Statistical Phrase-Based Translation",
	booktitle = HLT-NAACL-2003,
	location  = HLT-NAACL-2003-address,
	year      = 2003,
	url = {http://www.isi.edu/~koehn/publications/phrase2003.pdf}
}

@InProceedings{Och2002,
	author    = "Franz Josef Och and Hermann Ney",
	title     = "Discriminative Training and Maximum Entropy Models for Statistical Machine Translation",
	booktitle = ACL-2002,
	location  = ACL-2002-address,
	year      = 2002,
	url = {http://www-i6.informatik.rwth-aachen.de/Colleagues/och/ACL02.ps}
}

@Unpublished{Przybocki2004,
	author = "Mark Przybocki",
	title  = "{NIST} 2004 Machine Translation Evaluation Results",
	note   = "Confidential e-mail to workshop participants",
	month  = may,
	year   = 2004,
}

@Unpublished{Lee2005,
	author = "Audrey Lee and Mark Przybocki",
	title  = "{NIST} 2005 Machine Translation Evaluation Official Results",
	note   = "Official release of automatic evaluation scores for all submissions",
	month  = aug,
	year   = 2005,
}

@Unpublished{Lee2006,
	author = "Audrey Lee",
	title  = "{NIST} 2006 Machine Translation Evaluation Official Results",
	note   = "Official release of automatic evaluation scores for all submissions",
	month  = nov,
	year   = 2006,
	url = {http://www.nist.gov/speech/tests/mt/mt06eval_official_results.html}
}

@Proceedings{Przybocki2008,
	editor   = "Mark Przybocki and Kay Peterson",
	title    = "Proceedings of the 2008 {NIST} Open Machine Translation Evaluation Workshop",
	location = "Arlington, Virginia",
	month    = mar,
	year     = 2008,
}

@InProceedings{Koehn2004b,
	author    = "Philipp Koehn",
	title     = "The Foundation for Statistical Machine Translation at {MIT}",
	booktitle = "Proceedings of Machine Translation Evaluation Workshop 2004",
	year      = 2004
}

@Booklet{Knight2003,
	author       = "Kevin Knight and Philipp Koehn",
	title        = "What's New in Statistical Machine Translation",
	howpublished = "Tutorial at HLT/NAACL 2003",
	year         = 2003,
	url = {http://www-i6.informatik.rwth-aachen.de/Colleagues/och/EMNLP99.ps}
}

@Article{Somers1999,
	author    = "Harold Somers",
	title     = "Review Article: Example-based Machine Translation",
	pages     = "113--157",
	journal   = "Machine Translation",
	volume    = 14,
	number    = 2,
	year      = 1999,
	publisher = "Kluwer Academic Publishers",
	url = {http://www.swetswise.com/eAccess/viewFulltext.do?articleID=10007211}
}

@InCollection{Somers2003,
	author    = "Harold Somers",
	title     = "An overview of {EBMT}",
	chapter   = 4,
	pages     = "115--153",
	booktitle = "Recent Advances in Example-Based Machine Translation",
	year      = 2003,
	publisher = "Kluwer Academic Publishers",
	editor    = "Michael Carl and Andy Way",
}

@InProceedings{Brown2004,
	author    = "Ralf D. Brown",
	title     = "A modified {B}urrows--{W}heeler transform for highly-scalable example-based translation",
	booktitle = AMTA-2004,
	location  = AMTA-2004-address,
	year      = 2004,
}

@InProceedings{Phillips2009,
	author    = "Aaron B. Phillips and Ralf D. Brown",
	title     = "{C}unei Machine Translation Platform: System Description",
	booktitle = "3rd Workshop on Example-Based Machine Translation",
	location  = "Dublin, Ireland",
	year      = 2009,
} 

% Original Example Based MT (EBMT) article.
@InCollection{Nagao1981,
	author    = "Makoto Nagao",
	title     = "A Framework of a Mechanical Translation Between {J}apanese and {E}nglish by Analogy Principle",
	pages     = "173--180",
	booktitle = "Artificial and Human Intelligence: edited review papers presented at the international NATO Symposium",
	editor    = "A. Elithorn and R. Banerji",
	year      = 1981,
}

% TODO: is this an InCollection or an InProceedings?
@InCollection{Sato1990,
	author    = "Satoshi Sato and Makoto Nagao",
	title     = "Toward Memory-based Translation",
	booktitle = "Papers presented to the 13th International Conference on Computational Linguistics (CoLing-1990)",
	year      = 1990,
	url = {http://acl.ldc.upenn.edu/C/C90/C90-3044.pdf}
}

@Book{Way2003,
	author    = "Michael Carl and Andy Way",
	title     = "Recent Advances in Example-Based Machine Translation",
	publisher = "Springer",
	year      = 2003,
}

@InProceedings{Johnson2007,
	author    = "Howard Johnson and Joel Martin and George Foster and Roland Kuhn",
	title     = "Improving translation quality by discarding most of the phrase table",
	pages     = "967--975",
	booktitle = EMNLP-2007,
	location  = EMNLP-2007-address,
	year      = 2007,
}


% ~~~~~~~~~~~~~~~~~~~~~~~~~~~~~~~~~~~~~~~~~~~~~~~~~~~~~~~~~~~~~~
% ~~~~~ Syntax-based Statistical Machine Translation

@Article{Shieber1995,
	author  = "Stuart Shieber and Yves Schabes and Fernando Pereira",
	title   = "Principles and implementation of deductive parsing",
	pages   = "3--15",
	journal = "Journal of Logic Programming",
	volume  = 24,
	year    = 1995,
}

@InProceedings{Chiang2005,
	author    = "David Chiang",
	title     = "A Hierarchical Phrase-based Model for Statistical Machine Translation",
	booktitle = ACL-2005,
	location  = ACL-2005-address,
	year      = 2005,
}

@InProceedings{Huang2006b,
	author    = "Liang Huang and Kevin Knight and Aravind Joshi",
	title     = "Statistical syntax-directed translation with extended domain of locality",
	booktitle = AMTA-2006,
	location  = AMTA-2006-address,
	year      = 2006,
}

@Unpublished{Chiang2006,
	author = "David Chiang",
	title  = "An Introduction to Synchronous Grammars",
	year   = 2006,
	url = {http://www.isi.edu/~chiang/papers/synchtut.pdf}
}

@InProceedings{Liu2006,
	author    = "Yang Liu and Qun Liu and Shouxun Lin",
	title     = "Tree-to-string alignment templates for statistical machine translation",
	booktitle = ACL-2006,
	location  = ACL-2006-address,
	year      = 2006,
}

@Article{Chiang2007,
	author  = "David Chiang",
	title   = "Hierarchical phrase-based translation",
	pages   = "201--228",
	journal = "Computational Linguistics",
	volume  = 33,
	number  = 2,
	year    = 2007,
}

@InProceedings{Chiang2005b,
	author    = "David Chiang and Adam Lopez and Nitin Madnani and Christof Monz and Philip Resnik and Michael Subotin",
	title     = "The {H}iero Machine Translation System: Extensions, Evaluation, and Analysis",
	booktitle = EMNLP-2005,
	location  = EMNLP-2005-address,
	year      = 2005,
}

@InProceedings{Eisner2003,
	author    = "Jason Eisner",
	title     = "Learning non-isomorphic tree mappings for machine translation",
	booktitle = ACL-2003,
	location  = ACL-2003-address,
	year      = 2003,
}

@InProceedings{Galley2006,
	author    = "Michel Galley and Jonathan Graehl and Kevin Knight and Daniel Marcu and Steve DeNeefe and Wei Wang and Ignacio Thayer",
	title     = "Scalable inference and training of context-rich syntactic translation models",
	booktitle = ACL-2006,
	location  = ACL-2006-address,
	year      = 2006,
}

@InProceedings{Venugopal2007,
	author    = "Ashish Venugopal and Andreas Zollmann and Stephan Vogel",
	title     = "An Efficient Two-Pass Approach to Synchronous-{CFG} Driven Statistical {MT}",
	booktitle = HLT-NAACL-2007,
	location  = HLT-NAACL-2007-address,
	year      = 2007,
}

@Article{Venugopal2009,
	author    = "Ashish Venugopal and Andreas Zollmann",
	title     = "Grammar based statistical {MT} on {H}adoop: An end-to-end toolkit for large scale {PSCFG} based {MT}",
	journal   = PBML,
	volume    = 91,
	year      = 2009,
	publisher = "Charles University",
	address   = "Prague",
}

@InProceedings{Watanabe2006,
	author    = "Taro Watanabe and Hajime Tsukada and Hideki Isozaki",
	title     = "Left-to-right target generation for hierarchical phrase based translation",
	booktitle = ACL-2006,
	location  = ACL-2006-address,
	year      = 2006,
}

@InProceedings{Marton2008,
	author    = "Yuval Marton and Philip Resnik",
	title     = "Soft Syntactic Constraints for Hierarchical Phrased-Based Translation",
	booktitle = ACL-2008,
	location  = ACL-2008-address,
	year      = 2008,
}

@InProceedings{Huang2006,
	author    = "Bryant Huang and Kevin Knight",
	title     = "Relabeling Syntax Trees to Improve Syntax-Based Machine Translation Quality",
	booktitle = HLT-NAACL-2006,
	location  = HLT-NAACL-2006-address,
	year      = 2006,
	url = {http://www.aclweb.org/anthology/N/N06/N06-1031}
}

@InProceedings{Galley2004,
	author    = "Michel Galley and Mark Hopkins and Kevin Knight and Daniel Marcu",
	title     = "What's in a translation rule?",
	booktitle = HLT-NAACL-2004,
	location  = HLT-NAACL-2004-address,
	year      = 2004,
	url = {http://aclweb.org/anthology-new/N/N04/N04-1035.bib}
}

@InProceedings{Zhang2006,
	author    = "Hao Zhang and Liang Huang and Daniel Gildea and Kevin Knight",
	title     = "Synchronous binarization for machine translation",
	booktitle = HLT-NAACL-2006,
	location  = HLT-NAACL-2006-address,
	year      = 2006,
}


% ~~~~~~~~~~~~~~~~~~~~~~~~~~~~~~~~~~~~~~~~~~~~~~~~~~~~~~~~~~~~~~
% ~~~~~ Decoding

@InProceedings{Moses,
	author    = "Philipp Koehn and Hieu Hoang and Alexandra Birch and Chris Callison-Burch and Marcello Federico and Nicola Bertoldi and Brooke Cowan and Wade Shen and Christine Moran and Richard Zens and Chris Dyer and Ondrej Bojar and Alexandra Constantin and Evan Herbst",
	title     = "{M}oses: Open source toolkit for statistical machine translation",
	booktitle = "Proc. ACL-2007 Demo and Poster Sessions",
	location  = ACL-2007-address,
	year      = 2007,
}

@InProceedings{Joshua-old,
	author    = "Zhifei Li and Sanjeev Khudanpur",
	title     = "A Scalable Decoder for Parsing-based Machine Translation with Equivalent Language Model State Maintenance",
	booktitle = "Proceedings of the Second Workshop on Syntax and Structure in Statistical Translation",
	location  = ACL-2008-address,
	year      = 2008,
}

@InProceedings{Li2009,
	author    = "Zhifei Li and Jason Eisner and Sanjeev Khudanpur",
	title     = "Variational Decoding for Statistical Machine Translation",
	booktitle = ACL-2009,
	location  = ACL-2009-address,
	year      = 2009,
}

@InProceedings{oracleExtraction2009,
	author    = "Zhifei Li and Sanjeev Khudanpur",
	title     = "Efficient Extraction of Oracle-best Translations from Hypergraphs",
	booktitle = HLT-NAACL-2009,
	location  = HLT-NAACL-2009-address,
	year      = 2009,
}

@InProceedings{Koehn2004,
	author    = "Philipp Koehn",
	title     = "{P}haraoh: A Beam Search Decoder for Phrase-Based Statistical Machine Translation Models",
	booktitle = AMTA-2004,
	location  = AMTA-2004-address,
	year      = 2004,
	url = {http://www.iccs.informatics.ed.ac.uk/~pkoehn/publications/pharaoh-amta2004.pdf}
}

@InProceedings{Germann2003,
	author    = "Ulrich Germann",
	title     = "Greedy Decoding for Statistical Machine Translation in Almost Linear Time",
	booktitle = HLT-NAACL-2003,
	location  = HLT-NAACL-2003-address,
	year      = 2003
}

@InProceedings{Och2001,
	author    = "Franz Josef Och and Nicola Ueffing and Hermann Ney",
	title     = "An Efficient {A*} Search Algorithm for Statistical Machine Translation",
	pages     = "55--62",
	booktitle = "Data-Driven Machine Translation Workshop",
	location  = "Toulouse, France",
	month     = jul,
	year      = 2002,
	url = {http://www-i6.Informatik.RWTH-Aachen.de/Colleagues/och/DDMT01.ps}
}

@Misc{IBM-Patent,
	author       = "Adam Berger and Peter Brown and Della Pietra, Stephen and Della Pietra, Vincent and John Gillett and Andrew Kehler and Robert Mercer",
	title        = "Language translation apparatus and method of using context-based translation models",
	howpublished = "United States Patent number 5510981",
	month        = apr,
	year         = 1996,
}

% Moses citation
@TechReport{JHU-report,
	author      = "Philipp Koehn and Nicola Bertoldi and Ondrej Bojar and Chris Callison-Burch and Alexandra Constantin and Brooke Cowan and Chris Dyer and Marcello Federico and Evan Herbst and Hieu Hoang and Christine Moran and Wade Shen and Richard Zens",
	title       = "Open Source Toolkit for Statistical Machine Translation: Factored Translation Models and Confusion Network Decoding",
	institution = "Johns Hopkins University",
	number      = "WS-2006",
	type        = "CLSP Summer Workshop Final Report",
	year        = 2007,
}


% ~~~~~~~~~~~~~~~~~~~~~~~~~~~~~~~~~~~~~~~~~~~~~~~~~~~~~~~~~~~~~~
% ~~~~~ Language Modeling

@InProceedings{Kneser1995,
	author    = "Reinhard Kneser and Hermann Ney",
	title     = "Improved smoothing for mgram language modeling",
	booktitle = "Proceedings of the International Conference on Acoustics, Speech and Signal Processing",
	year      = 1995,
}

@InProceedings{Clarkson1997,
	author    = "Philip Clarkson and Roni Rosenfeld",
	title     = "Statistical Language Modeling Using the {CMU}--{C}ambridge Toolkit",
	booktitle = "Proceedings ESCA Eurospeech",
	year      = 1997,
}

@InProceedings{Stolcke2002,
	author    = "Andreas Stolcke",
	title     = "{SRILM}: An Extensible Language Modeling Toolkit",
	booktitle = "Proceedings of the International Conference on Spoken Language Processing",
	location  = "Denver, Colorado",
	month     = sep,
	year      = 2002,
	url = {http://www.speech.sri.com/projects/srilm/}
}

@InProceedings{Bilmes2003,
	author    = "Jeff A. Bilmes and Katrin Kirchhoff",
	title     = "Factored Language Models and Generalized Parallel Backoff",
	booktitle = HLT-NAACL-2003,
	location  = HLT-NAACL-2003-address,
	year      = 2003,
}

@InProceedings{Zhang2006,
	author    = "Ying Zhang and Almut Silja Hildebrand and Stephan Vogel",
	title     = "Distributed language modeling for $n$-best list re-ranking",
	booktitle = EMNLP-2006,
	location  = EMNLP-2006-address,
	year      = 2006,
}

@InProceedings{Talbot2007b,
	author    = "David Talbot and Miles Osborne",
	title     = "Smoothed {B}loom filter language models: Tera-Scale {LM}s on the Cheap",
	booktitle = EMNLP-2007,
	location  = EMNLP-2007-address,
	year      = 2007,
}

@InProceedings{Talbot2007a,
	author    = "David Talbot and Miles Osborne",
	title     = "Randomised Language Modelling for Statistical Machine Translation",
	booktitle = ACL-2007,
	location  = ACL-2007-address,
	year      = 2007,
}

@InProceedings{Brants2007,
	author    = "Thorsten Brants and Ashok Popat and Peng Xu and Franz Och and Jeffrey Dean",
	title     = "Large Language Models in Machine Translation",
	booktitle = EMNLP-2007,
	location  = EMNLP-2007-address,
	year      = 2007,
}

@InProceedings{Emami2007,
	author    = "Ahmad Emami and Kishore Papineni and Jeffrey Sorensen",
	title     = "Large Language Models in Machine Translation",
	booktitle = "Proceedings of the International Conference on Acoustics, Speech, and Signal Processing (ICASSP)",
	location  = "Honolulu",
	year      = 2007,
}

@InProceedings{Federico2007,
	author    = "Marcello Federico and Mauro Cettolo",
	title     = "Efficient Handling of $n$-gram Language Models for Statistical Machine Translation",
	booktitle = WMT,
	location  = ACL-2007-address,
	year      = 2007,
}

@InProceedings{Li2008,
	author    = "Zhifei Li and Sanjeev Khudanpur",
	title     = "Large-scale Discriminative $n$-gram Language Models for Statistical Machine Translation",
	booktitle = AMTA-2008,
	location  = AMTA-2008-address,
	year      = 2008,
}

@InProceedings{Li2008b,
	author    = "Zhifei Li and Sanjeev Khudanpur",
	title     = "A Scalable Decoder for Parsing-based Machine Translation with Equivalent Language Model State Maintenance",
	booktitle = "Proceedings Workshop on Syntax and Structure in Statistical Translation",
	location  = ACL-2008-address,
	year      = 2008,
}


% ~~~~~~~~~~~~~~~~~~~~~~~~~~~~~~~~~~~~~~~~~~~~~~~~~~~~~~~~~~~~~~
% ~~~~~ System Combination

@InProceedings{Chen2008,
	author    = "Boxing Chen and Deyi Xiong and Min Zhang and Aiti Aw and Haizhou Li",
	title     = "{I2R} Multi-Pass Machine Translation System for {IWSLT} 2008",
	booktitle = IWSLT,
	location  = EMNLP-2008-address,
	year      = 2008,
}

@InProceedings{Schroeder2009,
	title     = "Josh Schroeder and Trevor Cohn and Philipp Koehn",
	author    = "Word Lattices for Multi-Source Translation",
	booktitle = EACL-2009,
	location  = EACL-2009-address,
	year      = 2009,
}

@InProceedings{Och2001b,
	author    = "Franz Josef Och and Hermann Ney",
	title     = "Statistical Multi-Source Translation",
	booktitle = "MT Summit 2001",
	location  = "Santiago de Compostela, Spain",
	year      = 2001,
}

@InProceedings{Matusov2006,
	author    = "Evgeny Matusov and Nicola Ueffing and Hermann Ney",
	title     = "Computing Consensus Translation for Multiple Machine Translation Systems Using Enhanced Hypothesis Alignment",
	booktitle = EACL-2006,
	location  = EACL-2006-address,
	year      = 2006,
}

@InProceedings{Rosti2007,
	author    = "Antti-Veikko Rosti and Necip Fazil Ayan and Bing Xiang and Spyros Matsoukas and Richard Schwartz and Bonnie Dorr",
	title     = "Combining Outputs from Multiple Machine Translation Systems",
	booktitle = HLT-NAACL-2007,
	location  = HLT-NAACL-2007-address,
	year      = 2007
}


% ~~~~~~~~~~~~~~~~~~~~~~~~~~~~~~~~~~~~~~~~~~~~~~~~~~~~~~~~~~~~~~
% ~~~~~ N-Best and Confidence for SMT

@InProceedings{Kumar2004b,
	author    = "Shankar Kumar and William Byrne",
	title     = "Minimum {B}ayes-risk decoding for statistical machine translation",
	booktitle = HLT-NAACL-2004,
	location  = HLT-NAACL-2004-address,
	year      = 2004
}

@InProceedings{Huang2005,
	author    = "Liang Huang and David Chiang",
	title     = "Better $k$-best parsing",
	booktitle = IWPT,
	location  = IWPT-2005-address,
	year      = 2005
}

@InProceedings{Huang2007,
	author    = "Liang Huang and David Chiang",
	title     = "Forest Rescoring: Faster Decoding with Integrated Language Models",
	booktitle = ACL-2007,
	location  = ACL-2007-address,
	year      = 2007
}

@InProceedings{billott-lang:1989:ACL,
	author    = "Sylvie Billott and Bernard Lang",
	title     = "The Structure of Shared Forests in Ambiguous Parsing",
	pages     = "143--151",
	booktitle = "Proceedings of the 27th Annual Meeting of the Association for Computational Linguistics",
	location  = "Vancouver, British Columbia, Canada",
	month     = jun,
	year      = 1989,
	publisher = "Association for Computational Linguistics",
	doi = {10.3115/981623.981641}
	url = {http://www.aclweb.org/anthology/P89-1018},
}

@TechReport{JHU-2003,
	author      = "John Blatz and Erin Fitzgerald and George Foster and Simona Gandrabur and Cyril Goutte and Alex Kulesza and Alberto Sanchis and Nicola Ueffing",
	title       = "Confidence Estimation for Machine Translation",
	type        = "CLSP Summer Workshop Final Report",
	institution = "Johns Hopkins University",
	number      = "WS2003",
	year        = 2003,
	url = {http://www.clsp.jhu.edu/ws2003/groups/estimate/resources/report.pdf}
}

@InProceedings{Falavigna2002,
	author    = "Daniele Falavigna and Roberto Gretter and Giuseppe Riccardi",
	title     = "Acoustic and Word Lattice Based Algorithms for Confidence Scores",
	booktitle = "Proceedings of ICSLP",
	location  = "Denver",
	month     = sep,
	year      = 2002,
	url = {http://www.iro.umontreal.ca/~gandrabu/ICSLP02-Falavigna.pdf}
}

% TODO: resolve location vs address
@InProceedings{Ueffing2002,
	author    = "Nicola Ueffing and Franz Josef Och and Hermann Ney",
	title     = "Generation of Word Graphs in Statistical Machine Translation",
	booktitle = EMNLP-2002,
	location  = EMNLP-2002-address,
	year      = 2002,
	address   = {Philadelphia},
	url = {http://citeseer.ist.psu.edu/ueffing02generation.html}
}

@InProceedings{Ueffing2003,
	author    = "Nicola Ueffing and Klaus Macherey and Hermann Ney",
	title     = "Confidence Measures for Statistical Machine Translation",
	booktitle = "Proceedings of MT Summit IX",
	location  = MT-Summit-9-address,
	year      = 2003,
	url = {http://citeseer.ist.psu.edu/668961.html}
}

@InProceedings{Gandrabur2003,
	author    = "Simona Gandrabur and George Foster",
	title     = "Confidence Estimation for Translation Prediction",
	pages     = "95--102",
	booktitle = "Proceedings of {CoNLL}",
	location  = "Edmonton, Canada",
	month     = may,
	year      = 2003,
	url = {http://citeseer.ist.psu.edu/668390.html}
}

@InProceedings{Blatz2004,
	author    = "John Blatz and Erin Fitzgerald and George Foster and Simona Gandrabur and Cyril Goutte and Alex Kulesza and Alberto Sanchis and Nicola Ueffing",
	title     = "Confidence Estimation for Machine Translation",
	booktitle = "Proceedings of the 20th International Conference on Computational Linguistics",
	year      = 2004,
	url = {http://rali.iro.umontreal.ca/Publications/files/CoLing04_Confidence.pdf}
}


% ~~~~~~~~~~~~~~~~~~~~~~~~~~~~~~~~~~~~~~~~~~~~~~~~~~~~~~~~~~~~~~
% ~~~~~ Papers concerning data for MT

@Unpublished{billion-word-parallel-corpus,
	author    = "Chris Callison-Burch",
	title     = "A $10^9$ Word Parallel Corpus",
	note      = "In preparation",
	year      = 2009,
}

@MastersThesis{Callison-Burch2002,
	author    = "Chris Callison-Burch",
	title     = "Co-training for Statistical Machine Translation",
	school    = "University of Edinburgh",
	year      = 2002,
	url = {http://citeseer.nj.nec.com/callison-burch02cotraining.html}
}

@InProceedings{Callison-Burch2003,
	author    = "Chris Callison-Burch and Miles Osborne",
	title     = "Bootstrapping Parallel Corpora",
	booktitle = "HLT/NAACL 2003 Workshop: Building and Using Parallel Texts",
	location  = HLT-NAACL-2003-address,
	year      = 2003,
}

% Was July 7th
@InProceedings{Germann2001,
	author    = "Ulrich Germann",
	title     = "Building a Statistical Machine Translation System from Scratch: How Much Bang for the Buck Can We Expect?",
	booktitle = "ACL 2001 Workshop on Data-Driven Machine Translation",
	location  = "Toulouse, France",
	month     = jul,
	year      = 2001,
	url = {http://www.isi.edu/natural-language/people/germann/publications/germann-acl-2001-DDMT-workshop.pdf}
}

@InProceedings{Oard2003,
	author    = "Doug Oard and David Doermann and Bonnie Dorr and Daqing He and Phillip Resnik and William Byrne and Sanjeeve Khudanpur and David Yarowsky and Anton Leuski and Philipp Koehn and Kevin Knight",
	title     = "Desperately Seeking {C}ebuano",
	booktitle = HLT-NAACL-2003,
	location  = HLT-NAACL-2003-address,
	year      = 2003,
}

@Article{Al-Onaizan2002,
	author    = "Yaser Al-Onaizan and Ulrich Germann and Ulf Hermjakob and Kevin Knight and Philipp Koehn and Daniel Marcu and Kenji Yamada",
	title     = "Translation with Scarce Bilingual Resources",
	journal   = "Machine Translation",
	volume    = 17,
	number    = 1,
	month     = mar,
	year      = 2002,
}

@InProceedings{Lopez2005,
	author    = "Adam Lopez and Philip Resnik",
	title     = "Improved {HMM} Alignment Models for Languages with Scarce Resources",
	booktitle = "ACL 2005 Workshop on Parallel Text",
	location  = ACL-2005-address,
	year      = 2005,
}

@Article{Resnik2003,
	author    = "Philip Resnik and Noah Smith",
	title     = "The Web as a Parallel Corpus",
	pages     = "349--380",
	journal   = "Computational Linguistics",
	volume    = 29,
	number    = 3,
	month     = sep,
	year      = 2003,
}

@InProceedings{Wu2005,
	author    = "Dekai Wu and Pascale Fung",
	title     = "Inversion Transduction Grammar Constraints for Mining Parallel Sentences from Quasi-Comparable Corpora",
	booktitle = "Proceedings of International Joint Conference on Natural Language Processing (IJCNLP-2005)",
	location  = "Jeju Island, Korea",
	year      = 2005,
}

@InProceedings{Munteanu2006,
	author    = "Dragos Stefan Munteanu and Daniel Marcu",
	title     = "Extracting Parallel Sub-Sentential Fragments from Comparable Corpora",
	booktitle = ACL-2006,
	location  = ACL-2006-address,
	year      = 2006,
}

@Article{Munteanu2005,
	author    = "Dragos Munteanu and Daniel Marcu",
	title     = "Improving Machine Translation Performance by Exploiting Comparable Corpora",
	pages     = "477--504",
	journal   = "Computational Linguistics",
	volume    = 31,
	number    = 4,
	month     = dec,
	year      = 2005
}

@InProceedings{Soricut2002,
	author    = "Radu Soricut and Kevin Knight and Daniel Marcu",
	title     = "Using a large monolingual corpus to improve translation accuracy",
	booktitle = AMTA-2002,
	location  = AMTA-2002-address,
	year      = 2002
}

@InProceedings{Koehn-europarl,
	author    = "Philipp Koehn",
	title     = "A Parallel Corpus for Statistical Machine Translation",
	booktitle = "Proceedings of {MT}-Summit",
	location  = "Phuket, Thailand",
	year      = 2005,
}

@InProceedings{Steinberger-2006,
	author    = "Ralf Steinberger and Bruno Pouliquen and Anna Widiger and Camelia Ignat and Tomaz Erjavec and Dan Tufis and Daniel Varga",
	title     = "The {JRC}-Acquis: A multilingual aligned parallel corpus with 20+ languages",
	booktitle = "Proceedings of the 5th International Conference on Language Resources and Evaluation (LREC)",
	location  = "Genoa, Italy",
	year      = 2006,
}

@Unpublished{Koehn-europarlX,
	author    = "Philipp Koehn",
	title     = "Europarl: A Multilingual Corpus for Evaluation of Machine Translation",
	note      = "Unpublished Draft",
	year      = 2002,
	url = {http://people.csail.mit.edu/people/koehn/publications/europarl/}
}

@InProceedings{Erjavec2005,
	author    = "Tomaz Erjavec and Camelia Ignat and Bruno Pouliquen and Ralf Steinberger",
	title     = "Acquis Communautaire and totale",
	booktitle = "2nd Language \& Technology Conference: Human Language Technologies as a Challenge for Computer Science and Linguistics (L\&T'05)",
	year      = 2003,
}


% ~~~~~~~~~~~~~~~~~~~~~~~~~~~~~~~~~~~~~~~~~~~~~~~~~~~~~~~~~~~~~~
% ~~~~~ Learning from Monolingual Corpora

@InProceedings{Rapp1995,
	author    = "Reinhard Rapp",
	title     = "Identifying word translations in non-parallel texts",
	booktitle = ACL-1995,
	location  = ACL-1995-address,
	year      = 1995,
	url = {http://www.aclweb.org/anthology/P95-1050}
}

@InProceedings{Fung1998,
	author    = "Pascale Fung and Lo Yuen Yee",
	title     = "An {IR} approach for translating new words from nonparallel, comparable texts",
	booktitle = ACL-1998,
	location  = ACL-1998-address,
	year      = 1998,
	url = {http://acl.ldc.upenn.edu/C/C98/C98-1066.pdf}
}

@InProceedings{Rapp1999,
	author    = "Reinhard Rapp",
	title     = "Automatic Identification of Word Translations from Unrelated {E}nglish and {G}erman Corpora",
	booktitle = ACL-1999,
	location  = ACL-1999-address,
	year      = 1999,
	url = {http://acl.ldc.upenn.edu/P/P99/P99-1067.pdf}
}

@InProceedings{Koehn2000,
	author    = "Philipp Koehn and Kevin Knight",
	title     = "Estimating word translation probabilities from unrelated monolingual corpora using the {EM} algorithm",
	booktitle = "Proceedings of AAAI",
	location  = ACL-2002-address,
	year      = 2000,
	url = {http://www.iccs.inf.ed.ac.uk/~pkoehn/publications/learnlex2002.pdf}
}

@InProceedings{Mann2001,
	author    = "Gideon S. Mann and David Yarowsky",
	title     = "Multipath Translation Lexicon Induction via Bridge Languages",
	booktitle = NAACL-2001,
	location  = NAACL-2001-address,
	year      = 2001
}

@InProceedings{Koehn2002,
 author    = "Philipp Koehn and Kevin Knight",
 title     = "Learning a Translation Lexicon from Monolingual Corpora",
 booktitle = "ACL 2002 Workshop on Unsupervised Lexical Acquisition",
 location  = ACL-2002-address,
 year      = 2002,
 url = {http://www.iccs.inf.ed.ac.uk/~pkoehn/publications/learnlex2002.pdf}
}

@InProceedings{Schafer2002,
	author    = "Charles Schafer and David Yarowsky",
	title     = "Inducing translation lexicons via diverse similarity measures and bridge languages",
	pages     = "146--152",
	booktitle = "Conference on Natural Language Learning-2002",
	year      = 2002,
	url = {http://www.aclweb.org/anthology-new/W/W02/W02-2026.pdf}
}

@InProceedings{Quirk2007,
	author    = "Chris Quirk and Raghavendra Udupa and Arul Menezes",
	title     = "Generative Models of Noisy Translations with Applications to Parallel Fragment Extraction",
	booktitle = "Proceedings of MT Summit XI",
	location  = "Copenhagen, Denmark",
	year      = 2007,
	url = {http://research.microsoft.com/nlp/publications/mtsummit2007_compcorp.pdf}
}

@InProceedings{Haghighi2008,
	author    = "Aria Haghighi and Percy Liang and Taylor Berg-Kirkpatrick and Dan Klein",
	title     = "Learning Bilingual Lexicons from Monolingual Corpora",
	booktitle = ACL-2008,
	location  = ACL-2008-address,
	year      = 2008,
	url = {http://www.aclweb.org/anthology/P/P08/P08-1088}
}

@InProceedings{Garera2009,
	author    = "Nikesh Garera and Chris Callison-Burch and David Yarowsky",
	title     = "Improving Translation Lexicon Induction from Monolingual Corpora via Dependency Contexts and Part-of-Speech Equivalences",
	booktitle = CoNLL-2009,
	location  = CoNLL-2009-address,
	year      = 2009,
	url = {http://www.aclweb.org/anthology/P/P08/P08-1088}
}

@InProceedings{Mitchell2008,
	author    = "Jeff Mitchell and Lapata, Mirella",
	title     = "Vector-based Models of Semantic Composition",
	pages     = "236--244",
	booktitle = "Proceedings of ACL-08: HLT",
	location  = "Columbus, Ohio",
	month     = jun,
	year      = 2008,
	publisher = "Association for Computational Linguistics",
	url = {http://www.aclweb.org/anthology/P/P08/P08-1028}
}

@Article{Pado2007,
	author    = "Sebastian Pad{\'o} and Mirella Lapata",
	title     = "Dependency-based Construction of Semantic Space Models",
	pages     = "161--199",
	journal   = "Computational Linguistics",
	volume    = 33,
	number    = 2,
	year      = 2007,
}

@InProceedings{Nivre2007,
	author    = "Joakim Nivre and Johan Hall and Sandra K{\"u}bler and Ryan McDonald and Jens Nilsson and Sebastian Riedel and Deniz Yuret",
	title     = "The {CoNLL} 2007 Shared Task on Dependency Parsing",
	pages     = "915--932",
	booktitle = "Proceedings of the CoNLL Shared Task Session of EMNLP-CoNLL 2007",
	year      = 2007,
	url = {http://www.aclweb.org/anthology/D/D07/D07-1096}
}


% ~~~~~~~~~~~~~~~~~~~~~~~~~~~~~~~~~~~~~~~~~~~~~~~~~~~~~~~~~~~~~~
% ~~~~~ Morphology

@Article{Nissen2004,
	author    = "Sonja Niessen and Hermann Ney",
	title     = "Statistical machine translation with scarce resources using morpho-syntatic analysis",
	pages     = "181--204",
	journal   = "Computational Linguistics",
	volume    = 30,
	number    = 2,
	year      = 2004,
}

@InProceedings{Goldwater2005,
	author    = "Sharon Goldwater and David McClosky",
	title     = "Improving Statistical {MT} Through Morphological Analysis",
	booktitle = EMNLP-2005,
	location  = EMNLP-2005-address,
	year      = 2005,
}

@InProceedings{Koehn2003c,
	author    = "Philipp Koehn and Kevin Knight",
	title     = "Empirical methods for compound splitting",
	booktitle = EACL-2003,
	location  = EACL-2003-address,
	year      = 2003
}

@InProceedings{Kirchhoff2006,
	author    = "Katrin Kirchhoff and Mei Yang and Kevin Duh",
	title     = "Machine Translation of Parliamentary Proceedings Using Morpho-Syntactic Knowledge",
	booktitle = "Proceedings of the TC-STAR Workshop on Speech-to-Speech Translation",
	year      = 2006,
	url = {http://ssli.ee.washington.edu/people/katrin/Papers/tcstar06.pdf}
}

@InProceedings{Yang2006,
	author    = "Mei Yang and Katrin Kirchhoff",
	title     = "Phrase-Based Backoff Models for Machine Translation of Highly Inflected Languages",
	booktitle = EACL-2006,
	location  = EACL-2006-address,
	year      = 2006,
	url = {http://ssli.ee.washington.edu/people/katrin/Papers/yang-kirchhoff-eacl2006.pdf}
}

@InProceedings{Gispert2005,
	author    = "Adri{\`a} de Gispert and Jos{\`e} B. Marino and Josep M. Crego",
	title     = "Improving statistical machine translation by classifying and generalizing inflected verb forms",
	booktitle = "Proceedings of 9th European Conference on Speech Communication and Technology",
	year      = 2005,
}

@InProceedings{Talbot2006,
	author    = "David Talbot and Miles Osborne",
	title     = "Modeling lexical redundancy for machine translation",
	booktitle = ACL-2006,
	location  = ACL-2006-address,
	year      = 2006,
}


% ~~~~~~~~~~~~~~~~~~~~~~~~~~~~~~~~~~~~~~~~~~~~~~~~~~~~~~~~~~~~~~
% ~~~~~ Sentence alignment

@InProceedings{Moore2002,
	author    = "Robert C. Moore",
	title     = "Fast and Accurate Sentence Alignment of Bilingual Corpora",
	booktitle = AMTA-2002,
	location  = AMTA-2002-address
	year      = 2002,
}

@Article{Gale1993,
	author    = "William Gale and Kenneth Church",
	title     = "A Program for Aligning Sentences in Bilingual Corpora",
	pages     = "75--90",
	journal   = "Compuatational Linguistics",
	volume    = 19,
	number    = 1,
	year      = 1993,
}

@Article{Kay1993,
	author    = "Martin Kay and Martin R{\"o}scheisen",
	title     = "Text-Translation Alignment",
	pages     = "121--142",
	journal   = "Compuatational Linguistics",
	volume    = 19,
	number    = 1,
	year      = 1993,
}

@InCollection{Simard1999,
	author    = "Michel Simard",
	title     = "Text-translation Alignment: Aligning Three or More Versions of a Text",
	booktitle = "Parallel Text Processing",
	editor    = "Jean Veronis",
	publisher = "Kluwer Academic",
	year      = 1999,
}


% ~~~~~~~~~~~~~~~~~~~~~~~~~~~~~~~~~~~~~~~~~~~~~~~~~~~~~~~~~~~~~~
% ~~~~~ Word Alignment

@InProceedings{Callison-Burch2004,
	author    = "Chris Callison-Burch and David Talbot and Miles Osborne",
	title     = "Statistical Machine Translation with Word- and Sentence-Aligned Parallel Corpora",
	booktitle = ACL-2004,
	location  = ACL-2004-address,
	year      = 2004,
	url = {http://www.cogsci.ed.ac.uk/~osborne/papers/acl04.pdf}
}

@Article{Talbot2005,
	author    = "David Talbot",
	title     = "Constrained {EM} for Parallel Text Alignment",
	journal   = "Natural Language Engineering",
	year      = 2005,
	note = "Special Issue on Parallel Texts",
}

@InProceedings{Mihalcea2003,
	author    = "Rada Mihalcea and Ted Pedersen",
	title     = "An Evaluation Exercise for Word Alignment",
	booktitle = "HLT-NAACL 2003 Workshop: Building and Using Parallel Texts",
	editor    = "Rada Mihalcea and Ted Pedersen",
	location  = HLT-NAACL-2003-address,
	year      = 2003,
	url = {http://www.cs.unt.edu/~rada/wpt/papers/pdf/Mihalcea.pdf}
}

@TechReport{Melamed1998,
	author    = "I. Dan Melamed",
	title     = "Manual Annotation of Translational Equivalence: The {B}linker Project",
	institution = "University of Pennsylvania",
	type      = "Cognitive Science Technical Report",
	number    = "98/07",
	year      = 1998,
	url = {http://www.cs.nyu.edu/~melamed/ftp/papers/blinker.ps.gz}
}

@Article{Cohn2008,
	author    = "Trevor Cohn and Chris Callison-Burch and Mirella Lapata",
	title     = "Constructing Corpora for the Development and Evaluation of Paraphrase Systems",
	journal   = "Computational Linguistics",
	year      = "to appear",
}

@TechReport{ParaphraseAnnotationGuidelines,
	author    = "Chris Callison-Burch and Trevor Cohn and Mirella Lapata",
	title     = "Annotation Guidelines for Paraphrase Alignment",
	institution = "University of Edinburgh",
	type      = "Tech Report",
	year      = 2006,
}

@InProceedings{Fraser2006,
	author    = "Alexander Fraser and Daniel Marcu",
	title     = "Semi-Supervised Training for Statistical Word Alignment",
	booktitle = ACL-2006,
	location  = ACL-2006-address,
	year      = 2006,
}

@InProceedings{Cherry2003,
	author    = "Colin Cherry and Dekang Lin",
	title     = "A probability model to improve word alignment",
	booktitle = ACL-2003,
	location  = ACL-2003-address,
	year      = 2003,
}

@InProceedings{Ittycheriah2005,
	author    = "Abraham Ittycheriah and Salim Roukos",
	title     = "A maximum entropy word aligner for {A}rabic--{E}nglish
	machine translation",
	booktitle = EMNLP-2005,
	location  = EMNLP-2005-address,
	year      = 2005,
}

@InProceedings{Vogel1996,
	author    = "Stephan Vogel and Hermann Ney and Christoph Tillmann",
	title     = "{HMM}-based word alignment in statistical translation",
	booktitle = "Proceedings of the 16th International Conference on Computational Linguistics (Coling-1996)",
	year      = 1996,
}

@InProceedings{Taskar2005,
	author    = "Ben Taskar and Simon Lacoste-Julien and Dan Klein",
	title     = "A discriminative matching approach to word alignment",
	booktitle = EMNLP-2005,
	location  = EMNLP-2005-address,
	year      = 2005,
}

@InProceedings{Moore2005,
	author    = "Robert C. Moore",
	title     = "A Discriminative Framework for Bilingual Word Alignment",
	booktitle = EMNLP-2005,
	location  = EMNLP-2005-address,
	year      = 2005,
}

@InProceedings{Moore2006,
	author    = "Robert C. Moore and Wen-Tau Yih and Andreas Bode",
	title     = "Improved Discriminative Bilingual Word Alignment",
	booktitle = EMNLP-2006,
	location  = EMNLP-2006-address,
	year      = 2006,
	url = {http://acl.ldc.upenn.edu/P/P06/P06-1065.pdf}
}

@InProceedings{Cohn2006,
	author    = "Phil Blunsom and Trevor Cohn",
	title     = "Discriminative Word Alignment with Conditional Random Fields",
	booktitle = ACL-2006,
	location  = ACL-2006-address,
	year      = 2006,
	url = {http://acl.ldc.upenn.edu/P/P06/P06-1065.pdf}
}

@InProceedings{Moore2004,
	author    = "Robert C. Moore",
	title     = "Improving {IBM} Word Alignment Model 1",
	pages     = "518--525",
	booktitle = ACL-2004,
	location  = ACL-2004-address,
	year      = 2004,
	url = {http://acl.ldc.upenn.edu/acl2004/main/pdf/352_pdf_2-col.pdf},
}

@Article{Probst2002,
	author    = "Katharina Probst and Lori Levin and Erik Peterson and Alon Lavie and Jamie Carbonell",
	title     = "{MT} for Minority Languages Using Elicitation-Based Learning of Syntactic Transfer Rules",
	journal   = "Machine Translation",
	year      = 2002,
	volume    = 17,
	number    = 4,
	url = {http://www.clsp.jhu.edu/ws99/projects/mt/ibm-paper.ps}
}


% ~~~~~~~~~~~~~~~~~~~~~~~~~~~~~~~~~~~~~~~~~~~~~~~~~~~~~~~~~~~~~~
% ~~~~~ Phrase-alignments from word alignments

@InProceedings{Tillmann2003,
	author    = "Christoph Tillmann",
	title     = "A Projection Extension Algorithm for Statistical Machine Translation",
	booktitle = EMNLP-2003,
	location  = EMNLP-2003-address,
	year      = 2003,
	url = {http://acl.ldc.upenn.edu/W/W03/W03-1001.pdf}
}
% Block-based

@InProceedings{Vogel2003,
	author    = "Stephan Vogel and Ying Zhang and Fei Huang and Alicia Tribble and Ashish Venugopal and Bing Zhao and Alex Waibel",
	title     = "The {CMU} Statistical Machine Translation System",
	booktitle = "Proceedings of MT Summit IX",
	location  = MT-Summit-9-address,
	year      = 2003,
	url = {http://www.amtaweb.org/summit/MTSummit/FinalPapers/105-vogel-final.pdf}
}

@InProceedings{Venugopal2003,
	author    = "Ashish Venugopal and Stephan Vogel and Alex Waibel",
	title     = "Effective Phrase Translation Extraction from Alignment Models",
	booktitle = ACL-2003,
	location  = ACL-2003-address,
	year      = 2003,
}

@InProceedings{Fox2002,
	author    = "Heidi J. Fox",
	title     = "Phrasal cohesion and statistical machine translation",
	booktitle = EMNLP-2002,
	location  = EMNLP-2002-address,
	year      = 2002,
}

@InProceedings{Lin2003b,
	author    = "Dekang Lin and Colin Cherry",
	title     = "Word Alignment with Cohesion Constraint",
	booktitle = HLT-NAACL-2003,
	location  = HLT-NAACL-2003-address,
	year      = 2002,
	url = {http://www.aclweb.org/anthology-new/N/N03/N03-2017.pdf}
}


% ~~~~~~~~~~~~~~~~~~~~~~~~~~~~~~~~~~~~~~~~~~~~~~~~~~~~~~~~~~~~~~
% ~~~~~ MT Evaluation

@InProceedings{Callison-Burch2007a,
	author    = "Chris Callison-Burch and Cameron Fordyce and Philipp Koehn and Christof Monz and Josh Schroeder",
	title     = "({M}eta-) Evaluation of Machine Translation",
	booktitle = "Proceedings of the Second Workshop on Statistical Machine Translation (WMT07)",
	address   = ACL-2007-address,
	year      = 2007,
	url = {http://www.aclweb.org/anthology/W/W07/W07-0718}
}

@InProceedings{Callison-Burch2008a,
	author    = "Chris Callison-Burch and Cameron Fordyce and Philipp Koehn and Christof Monz and Josh Schroeder",
	title     = "Further Meta-Evaluation of Machine Translation",
	booktitle = "Proceedings of the Third Workshop on Statistical Machine Translation (WMT08)",
	address   = ACL-2008-address,
	year      = 2008,
}

@InProceedings{Callison-Burch2006,
	author    = "Chris Callison-Burch and Miles Osborne and Philipp Koehn",
	title     = "Re-evaluating the Role of {B}leu in Machine Translation Research",
	booktitle = EACL-2006,
	location  = EACL-2006-address,
	year      = 2006,
}

% TODO: make the em-dash into a colon?
@InProceedings{Snow2008,
	author    = "Rion Snow and Brendan O'Connor and Daniel Jurafsky and Andrew Y. Ng",
	title     = "Cheap and Fast --- But is it Good? {E}valuating Non-Expert Annotations for Natural Language Tasks",
	booktitle = EMNLP-2008,
	location  = EMNLP-2008-address,
	year      = 2008,
}

@InProceedings{Sheng2008,
	author    = "Victor S. Sheng and Foster Provost and Panagiotis G. Ipeirotis",
	title     = "Get another label? Improving data quality and data mining using multiple, noisy labelers",
	booktitle = KDD,
	location  = KDD-2008-address,
	year      = 2008,
	url = {http://pages.stern.nyu.edu/~panos/publications/kdd2008.pdf},
}

@InProceedings{Sorokin2008,
	author    = "Alexander Sorokin and David Forsyth",
	title     = "Utility data annotation with {A}mazon {M}echanical {T}urk",
	booktitle = "Proceedings of First IEEE Workshop on Internet Vision at Computer Vision and Pattern Recognition Workshops",
	year      = 2008,
	url = {http://vision.cs.uiuc.edu/~sorokin2/papers/cvpr08_annotation.pdf},
}

@InProceedings{Callison-Burch2009,
	author    = "Chris Callison-Burch",
	title     = "Fast, Cheap, and Creative: Evaluating Translation Quality Using Amazon's Mechanical Turk",
	booktitle = EMNLP-2009,
	location  = EMNLP-2009-address,
	year      = 2009
}

@InProceedings{Vilar2006,
	author    = "David Vilar and Jia Xu and Luis Fernando D'Haro and Hermann Ney",
	title     = "Error Analysis of Statistical Machine Translation Output",
	booktitle = "Proceedings of Language Resources and Evaluation (LREC-2006)",
	location  = "Genoa, Italy",
	year      = 2006,
}

% Database of past evaluations
@InProceedings{Niessen2000,
	author    = "Sonja Niessen and Franz Josef Och and Gregor Leusch and Hermann Ney",
	title     = "An Evaluation Tool for Machine Translation: Fast Evaluation for {MT} Research",
	booktitle = "Proceedings of 2nd International Conference on Language Resources and Evaluation (LREC)",
	location  = "Athens, Greece",
	year      = 2000,
	url = {http://www-i6.informatik.rwth-aachen.de/HTML/Publikationen/Abstracts_2000/abs_niessen2000-1.html}
}

@Article{Schulze2003,
	author    = "Markus Schulze",
	title     = "A New Monotonic and Clone-Independent Single-Winner Election Method",
	journal   = "Voting Matters",
	number    = 17,
	month     = oct,
	year      = 2003,
	url = {http://www.mcdougall.org.uk/VM/ISSUE17/ISSUE17.PDF}
}

@InProceedings{Koehn2006,
	author    = "Philipp Koehn and Christof Monz",
	title     = "Manual and Automatic Evaluation of Machine Translation between {E}uropean Languages",
	booktitle = "Proceedings of NAACL 2006 Workshop on Statistical Machine Translation",
	location  = HLT-NAACL-2006-address,
	year      = 2006,
}

@InProceedings{Koehn2005,
	author    = "Philipp Koehn and Christof Monz",
	title     = "Shared Task: Statistical Machine Translation between {E}uropean Languages",
	booktitle = "Proceedings of ACL 2005 Workshop on Parallel Text Translation",
	location  = ACL-2005-address,
	year      = 2005,
}

@TechReport{Papineni2001x,
	author    = "Kishore Papineni and Salim Roukos and Todd Ward and Wei-Jing Zhu",
	title     = "Bleu: a Method for Automatic Evaluation of Machine Translation",
	institution = "IBM",
	type      = "IBM Research Report",
	number    = "RC22176(W0109-022)",
	year      = 2001,
	url = {http://www1.cs.columbia.edu/nlp/sgd/bleu.pdf}
}

@InProceedings{Papineni2002,
	author    = "Kishore Papineni and Salim Roukos and Todd Ward and Wei-Jing Zhu",
	title     = "Bleu: A Method for Automatic Evaluation of Machine Translation",
	booktitle = ACL-2002,
	location  = ACL-2002-address,
	year      = 2002,
	url = {http://acl.ldc.upenn.edu/P/P02/P02-1040.pdf}
}

@InProceedings{Zhang2004b,
	author    = "Ying Zhang and Stephan Vogel and Alex Waibel",
	title     = "Interpreting {BLEU}/{NIST} Scores: How Much Improvement Do We Need to Have a Better System?",
	booktitle = "Proceedings of Proceedings of Language Resources and Evaluation (LREC-2004)",
	location  = "Lisbon, Portugal",
	year      = 2004,
	url = {http://projectile.is.cs.cmu.edu/research/public/publications/lrec2004bootstrapping.pdf}
}

@InProceedings{Koehn2004c,
	author    = "Philipp Koehn",
	title     = "Statistical Significance Tests for Machine Translation Evaluation",
	booktitle = EMNLP-2004,
	location  = EMNLP-2004-address,
	year      = 2004,
	url = {http://projectile.is.cs.cmu.edu/research/public/publications/lrec2004bootstrapping.pdf}
}

@InProceedings{Jones2005,
	author    = "Douglas Jones and Wade Shen and Neil Granoien and Martha Herzog and Clifford Weinstein",
	title     = "Measuring Translation Quality by Testing {E}nglish Speakers with a New Defense Language Proficiency Test for {A}rabic",
	booktitle = "Proceedings of the 2005 International Conference on Intelligence Analysis",
	year      = 2005,
	url = {http://www.ll.mit.edu/mission/communications/ist/publications/050502_Jones2.pdf}
}

@InProceedings{Zhang2004,
	author    = "Ying Zhang and Stephan Vogel",
	title     = "Measuring Confidence Intervals for the Machine Translation Evaluation Metrics",
	booktitle = "Proceedings of the 10th International Conference on Theoretical and Methodological Issues in Machine Translation (TMI-2004)",
	year      = 2004,
	url = {http://projectile.is.cs.cmu.edu/research/public/publications/tmi2004.pdf}
}

@InProceedings{Zhang2005,
	author    = "Ying Zhang and Stephan Vogel",
	title     = "An efficient phrase-to-phrase alignment model for arbitrarily long phrase and large corpora",
	booktitle = EAMT-2005,
	location  = EAMT-2005-address,
	year      = 2005,
}

@InProceedings{Coughlin2003,
	author    = "Deborah Coughlin",
	title     = "Correlating Automated and Human Assessments of Machine Translation Quality",
	booktitle = "Proceedings of MT Summit IX",
	location  = MT-Summit-9-address,
	year      = 2003,
	url = {http://research.microsoft.com/research/pubs/view.aspx?pubid=1045}
}

@InProceedings{Babych2004,
	author    = "Bogdan Babych and Anthony Hartley",
	title     = "Extending the {B}LEU {MT} Evaluation Method with Frequency Weightings",
	booktitle = ACL-2004,
	location  = ACL-2004-address,
	year      = 2004,
	url = {http://acl.ldc.upenn.edu/acl2004/main/pdf/349_pdf_2-col.pdf}
}

@InProceedings{Doddington2002,
	author    = "George Doddington",
	title     = "Automatic Evaluation of Machine Translation Quality Using N-gram Co-Occurrence Statistics",
	pages     = "128--132",
	booktitle = "Human Language Technology: Notebook Proceedings",
	location  = "San Diego, California",
	year      = 2002,
}

% Rouge paper
@InProceedings{Lin2003,
	author    = "Chin-Yew Lin and Eduard Hovy",
	title     = "Automatic Evaluation of Summaries Using N-gram Co-occurrence Statistics",
	booktitle = HLT-NAACL-2003,
	location  = HLT-NAACL-2003-address,
	year      = 2003
}

% Another extension to summarties
@InProceedings{Soricut2004,
	author    = "Radu Soricut and Eric Brill",
	title     = "A Unified Framework for Automatic Evaluation using N-gram Co-Occurrence Statistics",
	booktitle = ACL-2004,
	location  = ACL-2004-address,
	year      = 2004
}

@InProceedings{Zhou2006,
	author    = "Liang Zhou and Chin-Yew Lin and Eduard Hovy",
	title     = "Re-evaluating Machine Translation Results with Paraphrase Support",
	booktitle = EMNLP-2006,
	location  = EMNLP-2006-address,
	year      = 2006,
	url = {http://acl.ldc.upenn.edu/W/W06/W06-1610.pdf}
}

@InProceedings{Zhou2006b,
	author    = "Liang Zhou and Chin-Yew Lin and Dragos Stefan Munteanu and Eduard Hovy",
	title     = "Para{E}val: Using Paraphrases to Evaluate Summaries Automatically",
	booktitle = NAACL-2006,
	location  = NAACL-2006-address,
	year      = 2006,
	url = {http://aclweb.org/anthology-new/N/N06/N06-1057.pdf}
}

@InProceedings{Kauchak2006,
	author    = "David Kauchak and Regina Barzilay",
	title     = "Paraphrasing for Automatic Evaluation",
	booktitle = EMNLP-2006,
	location  = EMNLP-2006-address,
	year      = 2006,
	url = {http://acl.ldc.upenn.edu/N/N06/N06-1058.pdf}
}

@InProceedings{Owczarzak2006,
	author    = "Karolina Owczarzak and Declan Groves and Josef Van Genabith and Andy Way",
	title     = "Contextual Bitext-Derived Paraphrases in Automatic {MT} Evaluation",
	booktitle = "Proceedings of the SMT Workshop at HLT-NAACL",
	year      = 2006,
	url = {http://www.statmt.org/wmt06/proceedings/pdf/WMT12.pdf}
}

@InProceedings{Riezler2007,
	author    = "Stefan Riezler and Alexander Vasserman and Ioannis Tsochantaridis and Vibhu Mittal and Yi Liu",
	title     = "Statistical Machine Translation for Query Expansion in Answer Retrieval",
	booktitle = ACL-2007,
	location  = ACL-2007-address,
	year      = 2007,
	url = {http://www.aclweb.org/anthology/P/P07/P07-1059}
}

@InProceedings{Kanayama2003,
	author    = "Hiroshi Kanayama",
	title     = "Paraphrasing Rules for Automatic Evaluation of Translation into {J}apanese",
	booktitle = "Proceedings of the Second International Workshop on Paraphrasing (ACL 2003)",
	location  = ACL-2003-address,
	year      = 2003,
}

@InProceedings{Madnani2007,
	author    = "Nitin Madnani and Necip Fazil Ayan and Philip Resnik and Bonnie Dorr",
	title     = "Using Paraphrases for Parameter Tuning in Statistical Machine Translation",
	booktitle = "Proceedings of the ACL Workshop on Statistical Machine Translation",
	location  = ACL-2007-address,
	year      = 2007,
}

@InProceedings{Zhao2008,
	author    = "Shiqi Zhao and Haifeng Wang and Ting Liu and Sheng Li",
	title     = "Pivot Approach for Extracting Paraphrase Patterns from Bilingual Corpora",
	booktitle = ACL-2008,
	location  = ACL-2008-address,
	year      = 2008,
	url = {http://www.aclweb.org/anthology/P/P08/P08-1089}
}

@InProceedings{Zhao2008b,
	author    = "Shiqi Zhao and Cheng Niu and Ming Zhou and Ting Liu and Sheng Li",
	title     = "Combining Multiple Resources to Improve {SMT}-based Paraphrasing Model",
	booktitle = ACL-2008,
	location  = ACL-2008-address,
	year      = 2008,
	url = {http://www.aclweb.org/anthology/P/P08/P08-1116}
}

@InProceedings{Bhagat2008,
	author    = "Rahul Bhagat and Deepak Ravichandran",
	title     = "Large Scale Acquisition of Paraphrases for Learning Surface Patterns",
	booktitle = ACL-2008,
	location  = ACL-2008-address,
	year      = 2008,
	url = {http://www.aclweb.org/anthology/P/P08/P08-1077}
}

@InProceedings{Gimenez2007,
	author    = "Jes{\'u}s Gim{\'e}nez and Llu{\'\i}s M{\`a}rquez",
	title     = "Linguistic Features for Automatic Evaluation of Heterogenous MT Systems",
	booktitle = "Proceedings of ACL Workshop on Machine Translation",
	year      = 2007,
}

@InProceedings{Amigo2006,
	author    = "Enrique Amig{\'o} and Jes{\'u}s Gim{\'e}nez and Julio Gonzalo and Llu{\'\i}s M{\`a}rquez",
	title     = "{MT} Evaluation: Human-Like vs.\,Human Acceptable",
	booktitle = ACL-2006,
	location  = ACL-2006-address,
	year      = 2006,
}

@InProceedings{Popovic2007,
	author    = "Maja Popovic and Hermann Ney",
	title     = "Word Error Rates: Decomposition over {POS} Classes and Applications for Error Analysis",
	booktitle = "Proceedings of ACL Workshop on Machine Translation",
	location  = ACL-2007-address,
	year      = 2007,
}

@InProceedings{Liu2007,
	author    = "Ding Liu and Daniel Gildea",
	title     = "Source-Language Features and Maximum Correlation Training for Machine Translation Evaluation",
	booktitle = HLT-NAACL-2007,
	location  = HLT-NAACL-2007-address,
	year      = 2007,
}

@InProceedings{Lin2004,
	author    = "Chin-Yew Lin and Franz Josef Och",
	title     = "Automatic Evaluation of Machine Translation Quality Using Longest Common Subsequence and Skip-Bigram Statistics",
	booktitle = ACL-2004,
	location  = ACL-2004-address,
	year      = 2004
}

@InProceedings{Chan2008,
	author    = "Yee Seng Chan and Hwee Tou Ng",
	title     = "An automatic metric for machine translation evaluation based on maximum similary",
	booktitle = "In the Metrics-MATR Workshop of AMTA-2008",
	location  = EMNLP-2008-address,
	year      = 2008
}

@InProceedings{Leusch2008,
	author    = "Gregor Leusch and Hermann Ney",
	title     = "{BLEUSP}, {PINVWER}, {CDER}: Three Improved {MT} Evaluation Measures",
	booktitle = "In the Metrics-MATR Workshop of AMTA-2008",
	location  = EMNLP-2008-address,
	year      = 2008
}

@InProceedings{Gimenez2008,
	author    = "Jes{\'u}s Gim{\'e}nez and Llu{\'\i}s M{\`a}rquez",
	title     = "A Smorgasbord of Features for Automatic {MT} Evaluation",
	pages     = "195--198",
	booktitle = "Proceedings of the Third Workshop on Statistical Machine Translation",
	year      = 2008
}

@Article{kos:bojar:pbml:2009,
	author    = "Kamil Kos and Ond{\v{r}}ej Bojar",
	title     = "Evaluation of Machine Translation Metrics for {C}zech as the Target Language",
	journal   = PBML,
	volume    = 92,
	year      = 2009,
	publisher = "Charles University",
	address   = "Prague",
	issn = "0032-6585",
}

@Unpublished{LDC-Translation-Assessment-Guidelines-2005,
	author    = "LDC",
	title     = "Linguistic Data Annotation Specification: Assessment of Fluency and Adequacy in Translations",
	note      = "Revision 1.5",
	year      = 2005,
	url = {http://www.ldc.upenn.edu/Projects/TIDES/Translation/TransAssess04.pdf}
}

@Unpublished{LDC-Guidelines-for-Translators-2004,
	author    = "LDC",
	title     = "Guidelines for the Linguistic Data Consortium's Language Translation Evaluation Project for Translation of {A}rabic to {E}nglish",
	note      = "Version 3.1",
	month     = nov,
	year      = 2004,
	url = {http://www.ldc.upenn.edu/Projects/TIDES/Translation/Arabic/mt05ar_translation_guidelines.pdf}
}

@Unpublished{HTER-Editing-Guidelines-2007,
	author    = "{NIST} and {LDC}",
	title     = "Post Editing Guidelines For {GALE} Machine Translation Evaluation",
	note      = "Guidelines developed by the {N}ational {I}nstitute of {S}tandards and {T}echnology ({NIST}), and the {L}inguistic {D}ata {C}onsortium ({LDC})",
	year      = 2007,
	url = {http://projects.ldc.upenn.edu/gale/Translation/Editors/GALEpostedit_guidelines-3.0.2.pdf}
}

@InProceedings{Brew1994,
	author    = "Chris Brew and Henry Thompson",
	title     = "Automatic Evaluation of Computer Generated Text: A Progress Report on the {T}ext{E}val Project",
	booktitle = "Proceedings of Human Language Technology Workshop",
	location  = "Plainsboro, New Jersey",
	year      = 1994,
	url = {http://acl.ldc.upenn.edu/H/H94/H94-1019.pdf}
}

@InProceedings{Thompson1991,
	author    = "Henry Thompson",
	title     = "Automatic Evaluation of Translation Quality: Outline of methodology and report on pilot experiment",
	pages     = "215--223",
	booktitle = "(ISSCO) Proceedings of the Evaluators' Forum",
	location  = "Geneva, Switzerland",
	year      = 1991,
}

% Used multiple reference translation in conjunction with WER
@InProceedings{Alshawi1998,
	author    = "Hiyan Alshawi and Srinivas Bangalore and Shona Douglas",
	title     = "Automatic Acquisition of Hierarchical Transduction Models for Machine Translation",
	booktitle = ACL-1998,
	location  = ACL-1998-address,
	year      = 1998,
}

@InProceedings{Melamed2003,
	author    = "Dan Melamed and Ryan Green and Jospeh P. Turian",
	title     = "Precision and Recall of Machine Translation",
	booktitle = HLT-NAACL-2003,
	location  = HLT-NAACL-2003-address,
	year      = 2003,
}

@InProceedings{Turain2003,
	author    = "Jospeh P. Turian and Luke Shen and Dan Melamed",
	title     = "Evaluation of Machine Translation and its Evaluation",
	booktitle = "Proceedings of MT Summit IX",
	location  = MT-Summit-9-address,
	year      = 2003,
	url = {http://nlp.cs.nyu.edu/publication/papers/turian-summit03eval.pdf}
}

@InProceedings{Banerjee2005,
	author    = "Satanjeev Banerjee and Alon Lavie",
	title     = "{METEOR}: An Automatic Metric for {MT} Evaluation with Improved Correlation with Human Judgments",
	booktitle = "Workshop on Intrinsic and Extrinsic Evaluation Measures for MT and/or Summarization",
	year      = 2005,
	location  = ACL-2005-address,
	url = {http://acl.ldc.upenn.edu/W/W05/W05-0909.pdf}
}

@InProceedings{Lavie2007,
	author    = "Alon Lavie and Abhaya Agarwal",
	title     = "{METEOR}: An Automatic Metric for {MT} Evaluation with
	High Levels of Correlation with Human Judgments",
	booktitle = "Proceedings of the Workshop on Statistical Machine Translation",
	month     = jun,
	year      = 2007,
	location  = ACL-2007-address,
	publisher = "Association for Computational Linguistics",
}

@InProceedings{TER,
	author    = "Matthew Snover and Bonnie Dorr and Richard Schwartz and Linnea Micciulla and John Makhoul",
	title     = "A Study of Translation Edit Rate with Targeted Human Annotation",
	booktitle = AMTA-2006,
	location  = AMTA-2006-address,
	year      = 2006,
}

@Unpublished{Hovy2003,
	author    = "Eduard Hovy and Deepak Ravichandran",
	title     = "Holy and Unholy Grails",
	note      = "Panel Discussion at {MT} Summit {IX}",
	location  = MT-Summit-9-address,
	year      = 2003,
	url = {http://www.amtaweb.org/summit/MTSummit/FinalPapers/panel-hovy.pdf}
}

@InProceedings{Snover2006,
	author    = "Matthew Snover and Bonnie Dorr and Richard Schwartz and Linnea Micciulla and John Makhoul",
	title     = "A Study of Translation Edit Rate with Targeted Human Annotation",
	booktitle = AMTA-2006,
	location  = AMTA-2006-address,
	year      = 2006,
}

@InProceedings{Albrecht2007a,
	author    = "Joshua Albrecht and Rebecca Hwa",
	title     = "A Re-examination of Machine Learning Approaches for Sentence-Level {MT} Evaluation",
	booktitle = ACL-2007,
	location  = ACL-2007-address,
	year      = 2007,
}

@InProceedings{Albrecht2007b,
	author    = "Joshua Albrecht and Rebecca Hwa",
	title     = "Regression for Sentence-Level {MT} Evaluation with Pseudo References",
	booktitle = ACL-2007,
	location  = ACL-2007-address,
	year      = 2007,
}

@Article{Carletta1996,
	author    = "Jean Carletta",
	title     = "Assessing Agreement on Classification Tasks: The Kappa Statistic",
	pages     = "249--254",
	journal   = "Computational Linguistics",
	volume    = 22,
	number    = 2,
	year      = 1996,
}

% Below is another article about Kappa
% According to them: 0-.2 is slight, .21-.4 is fair, .41-.6 is moderate,
% .61-.8 is substantial and the rest almost perfect.
@Article{Landis1977,
	author    = "J. Richard Landis and Gary G. Koch",
	title     = "The Measurement of Observer Agreement for Categorical Data",
	pages     = "159--174",
	journal   = "Biometrics",
	volume    = 33,
	year      = 1977,
}

@InProceedings{Szpektor2007,
	author    = "Idan Szpektor and Eyal Shnarch and Ido Dagan",
	title     = "Instance-based Evaluation of Entailment Rule Acquisition",
	booktitle = ACL-2007,
	location  = ACL-2007-address,
	year      = 2007,
	url = {http://www.aclweb.org/anthology/P/P07/P07-1058}
}


% ~~~~~~~~~~~~~~~~~~~~~~~~~~~~~~~~~~~~~~~~~~~~~~~~~~~~~~~~~~~~~~
% ~~~~~ Semantics (WSD, etc)

@InProceedings{Carpuat2005,
	author    = "Marine Carpuat and Dekai Wu",
	title     = "Word Sense Disambiguation vs.\,Statistical Machine Translation",
	booktitle = ACL-2005,
	location  = ACL-2005-address,
	year      = 2005,
}

@InCollection{Yarowsky2000,
	author    = "David Yarowsky",
	title     = "Word Sense Disambiguation",
	booktitle = "The Handbook of Natural Language Processing",
	editor    = "Robert Dale and Hermann Moisl and Harold Somers",
	publisher = "Marcel Dekker",
	year      = 2000,
}

@Article{Palmer2005,
	author    = "Martha Palmer and Paull Kingsbury and Daniel Gildea",
	title     = "The Proposition Bank: An Annotated Corpus of Semantic Roles",
	pages     = "71--106",
	journal   = "Computational Linguistics",
	volume    = 31,
	number    = 1,
	month     = mar,
	year      = 2005,
}


% ~~~~~~~~~~~~~~~~~~~~~~~~~~~~~~~~~~~~~~~~~~~~~~~~~~~~~~~~~~~~~~
% ~~~~~ Yarowsky publications

@InProceedings{Yarowsky1995,
	author    = "David Yarowsky",
	title     = "Unsupervised Word Sense Disambiguation Rivaling Supervised Methods",
	booktitle = ACL-1995,
	year      = 1995,
}

@InProceedings{Yarowsky1992,
	author    = "David Yarowsky",
	title     = "Word-Sense Disambiguation Using Statistical Models Of {R}oget's Categories Trained On Large Corpora",
	booktitle = "The 15th International Conference on Computational Linguistics",
	year      = 1992,
}

@InProceedings{Yarowsky1,
	author    = "David Yarowsky and Grace Ngai",
	title     = "Inducing Multilingual {POS} Taggers and {NP} Bracketers via Robust Projection Across Aligned Corpora",
	pages     = "200--207",
	booktitle = "NAACL-2001",
	year      = 2001,
}

@InProceedings{Yarowsky3,
	author    = "Charles Schafer and David Yarowsky",
	title     = "Statistical Machine Translation Using Coercive Two-Level Syntactic Transduction",
	pages     = "9--16",
	booktitle = EMNLP-2003,
	location  = EMNLP-2003-address,
	year      = 2003,
}

@InProceedings{Yarowsky4,
	author    = "David Yarowsky and R. Wicentowski",
	title     = "Minimally supervised morphological analysis by multimodal alignment",
	pages     = "117--125",
	booktitle = ACL-2000,
	year      = 2000,
}

@InProceedings{Yarowsky5,
	author    = "S. Cucerzan and David Yarowsky",
	title     = "Bootstrapping a multilingual part-of-speech tagger in one person-day",
	pages     = "132--138",
	booktitle = "Procedings, Conference on Natural Language Learning",
	year      = 2002,
}

@Article{Yarowsky6,
	author    = "David Yarowsky and R. Florian",
	title     = "Evaluating sense disambiguation performance across diverse parameter spaces",
	pages     = "327--341",
	journal   = "Journal of Natural Language Engineering",
	volume    = 8,
	number    = 4,
	year      = 2002
}

@InProceedings{Yarowsky7,
	author    = "Gideon S. Mann and David Yarowsky",
	pages     = "33--40",
	title     = "Unsupervised Personal Name Disambiguation",
	booktitle = "Conference on Natural Language Learning",
	year      = 2003,
}

@Article{Yarowsky8,
	author    = "David Yarowsky",
	title     = "Hierarchical Decision Lists for Word Sense Disambiguation",
	pages     = "179--186",
	journal   = "Computers and the Humanities",
	volume    = 34,
	number    = 2,
	year      = 2000,
}

@Article{Yarowsky9,
	author    = "R. Florian and S. Cucerzan and C. Schafer and David Yarowsky",
	title     = "Combining classifiers for word sense disambiguation",
	pages     = "293--310",
	journal   = "Journal of Natural Language Engineering",
	volume    = 8,
	number    = 4,
	year      = 2002
}

@Article{Yarowsky10,
	author    = "Philip Resnik and David Yarowsky",
	title     = "Distinguishing Systems and Distinguishing Senses: New Evaluation Methods for Word Sense Disambiguation",
	pages     = "113--133",
	journal   = "Natural Language Engineering",
	volume    = 5,
	number    = 2,
	year      = 2000,
}

@InProceedings{Yarowsky11,
	author    = "B. Pytlik and David Yarowsky",
	title     = "Machine Translation for Languages Lacking Bitext via Multilingual Gloss Induction",
	pages     = "156--165",
	booktitle = "AMTA 2006",
	year      = 2006,
}

@InProceedings{Yarowsky11a,
	author    = "N. Garera and David Yarowsky",
	title     = "Resolving and Generating Definite Anaphora by Modeling Hypernymy using Unlabeled Corpora",
	booktitle = "CoNLL",
	year      = 2006,
}

@InProceedings{Yarowsky12,
	author    = "Charles Schafer and David Yarowsky",
	title     = "Exploiting Aggregate Properties of Bilingual Dictionaries For Distinguishing Senses of {E}nglish Words and Inducing {E}nglish Sense Clusters",
	pages     = "117--121",
	booktitle = ACL-2004,
	year      = 2004
}

@InProceedings{Yarowsky13,
	author    = "E. Drabek and David Yarowsky",
	title     = "Improving Bitext Word Alignments via Syntax-based Reordering of {E}nglish",
	pages     = "145--149",
	booktitle = ACL-2004,
	year      = 2004
}

@InProceedings{Yarowsky14,
	author    = "E. Drabek and David Yarowsky",
	title     = "Induction of Fine-Grained Part-of-Speech Taggers via Classifier Combination and Crosslingual Projection",
	pages     = "49--56",
	booktitle = "Workshop on Parallel Texts",
	year      = 2005
}

@InProceedings{Yarowsky15,
	author    = "S. Cucerzan and David Yarowsky",
	title     = "Minimally Supervised Induction of Grammatical Gender",
	pages     = "40--47",
	booktitle = "HLT-NAACL 2003",
	year      = 2003
}

@InProceedings{Yarowsky17,
	author    = "David Yarowsky and Grace Ngai and R. Wicentowski",
	title     = "Inducing Multilingual Text Analysis Tools via Robust Projection across Aligned Corpora",
	pages     = "161--168",
	booktitle = "HLT 2001",
	year      = 2001
}

@InProceedings{Marcus1,
	author    = "E. Hovy and Mitch Marcus and M. Palmer and S. Pradhan and L. Ramshaw and R. Weischedel",
	title     = "Onto{N}otes: the 90\% Solution",
	booktitle = "HLT-NAACL",
	year      = 2006,
}

@InProceedings{Marcus2,
	author    = "Mitch Marcus et al.",
	title     = "A Procedure for Quantitatively Comparing the Syntactic Coverage of {E}nglish Grammars",
	booktitle = "DARPA Speech and Natural Language Workshop",
	year      = 1991,
}

@InProceedings{Marcus3,
	author    = "E. Brill and M. Marcus and D. Magerman and B. Santorini",
	title     = "Deducing linguistic structure from the statistics of large corpora",
	booktitle = "DARPA Speech and Natural Language Workshop",
	year      = 1990,
}

@InProceedings{Marcus4,
	author    = "Ryan Gabbard and Seth Kulick and Mitch Marcus",
	title     = "Fully Parsing the {P}enn Treebank",
	booktitle = "HLT-NAACL",
	year      = 2006,
}

@InCollection{Marcus5,
	author    = "Mitch Marcus and L. Ramshaw",
	title     = "Text Chunking using Transformation-Based Learning",
	booktitle = "Natural Language Processing Using Very Large Corpora",
	editor    = "Armstrong et al.",
	publisher = "Kluwer Academic",
	year      = 1998,
}

@Article{Marcus6,
	author    = "Mitch Marcus",
	title     = "New Trends in Natural Language Processing: Statistical Natural Language Processing",
	journal   = "Proceedings of the National Academy of Science",
	volume    = 92,
	year      = 1995,
}

@InCollection{Marcus7,
	author    = "Mitch Marcus et al.",
	title     = "Report of the Research Briefing Panel on Cognitive Science and Artificial Intelligence",
	journal   = "Proceedings of the National Academy of Science",
	booktitle = "Research Briefings 1983",
	publisher = "National Academy Press",
	year      = 1983,
}

@Book{Marcus8,
	author    = "Mitch Marcus",
	title     = "A Theory of Syntactic Recognition for Natural Language",
	publisher = "MIT Press",
	year      = 1980,
}


% ~~~~~~~~~~~~~~~~~~~~~~~~~~~~~~~~~~~~~~~~~~~~~~~~~~~~~~~~~~~~~~
% ~~~~~ Syntax in Statistical Machine Translation

@InProceedings{Wu1996,
	author    = "Dekai Wu",
	title     = "A polynomial-time algorithm for statistical machine translation",
	booktitle = ACL-1996,
	location  = ACL-1996-address,
	year      = 1996,
}

@Article{Wu1997,
	author    = "Dekai Wu",
	title     = "Stochastic inversion transduction grammars and bilingual parsing of parallel corpora",
	journal   = "Computational Linguistics",
	volume    = 23,
	number    = 3,
	year      = 1997,
}

@InProceedings{Charniak2003,
	author    = "Eugene Charniak and Kevin Knight and Kenji Yamada",
	title     = "Syntax-based Language Models for Machine Translation",
	booktitle = "Proceedings of MT Summit IX",
	location  = MT-Summit-9-address,
	year      = 2003,
	url = {http://www.isi.edu/natural-language/projects/rewrite/mtsummit03.pdf}
}

@InProceedings{Yamada2002,
	author    = "Kenji Yamada and Kevin Knight",
	title     = "A Decoder for Syntax-Based Statistical {MT}",
	booktitle = ACL-2002,
	location  = ACL-2002-address,
	year      = 2002,
	url = {http://www.isi.edu/natural-language/projects/rewrite/syndec.ps}
}

@InProceedings{Yamada2001,
	author    = "Kenji Yamada and Kevin Knight",
	title     = "A Syntax-Based Statistical Translation Model",
	booktitle = ACL-2001,
	location  = ACL-2001-address,
	year      = 2001,
	url = {http://www.isi.edu/natural-language/projects/rewrite/syntax.ps}
}

@TechReport{Och2004c,
	author    = "Franz Josef Och and Daniel Gildea and Sanjeev Khudanpur and Anoop Sarkar and Kenji Yamada and Alex Fraser and Shankar Kumar and Libin Shen and David Smith and Katherine Eng and Viren Jain and Zhen Jin and Dragomir Radev",
	title     = "Syntax for Statistical Machine Translation",
	type      = "Final Report for the 2003 {JHU} Summer Workshop",
	year      = 2003,
}

@TechReport{Burbank2005,
	author    = "A. Burbank and M. Carpuat and S. Clark and M. Dreyer and P. Fox and D. Groves and K. Hall and M. Hearne and I. D. Melamed and Y. Shen and A. Way and B. Wellington and D. Wu",
	title     = "Statistical Machine Translation by Parsing",
	type      = "Final Report for the 2005 {JHU} Summer Workshop",
	year      = 2005,
}

@InProceedings{Melamed2004,
	author    = "Dan Melamed",
	title     = "Statistical Machine Translation by Parsing",
	booktitle = ACL-2004,
	location  = ACL-2004-address,
	year      = 2004
}

@InProceedings{Melamed2004b,
	author    = "Dan Melamed and Giorgio Satta and Ben Wellington",
	title     = "Generalized Multitext Grammars",
	booktitle = ACL-2004,
	location  = ACL-2004-address,
	year      = 2004,
}

@InProceedings{Koehn2003b,
	author    = "Philipp Koehn and Kevin Knight",
	title     = "Feature-Rich Statistical Translation of Noun Phrases",
	booktitle = ACL-2003,
	location  = ACL-2003-address,
	year      = 2003,
	url = {http://www.isi.edu/~koehn/publications/nptrans2003.pdf}
}

@InProceedings{Collins2005,
	author    = "Michael Collins and Philipp Koehn and Ivona Kucerova",
	title     = "Clause Restructuring for Statistical Machine Translation",
	booktitle = ACL-2005,
	location  = ACL-2005-address,
	year      = 2005,
}

@InProceedings{Ding2005,
	author    = "Yuan Ding and Martha Palmer",
	title     = "Machine Translation Using Probabilistic Synchronous Dependency Insertion Grammars",
	booktitle = ACL-2005,
	location  = ACL-2005-address,
	year      = 2005,
}

@InProceedings{Quirk2005,
	author    = "Chris Quirk and Arul Menezes and Colin Cherry",
	title     = "Dependency Treelet Translation: Syntactically Informed Phrasal {SMT}",
	booktitle = ACL-2005,
	location  = ACL-2005-address,
	year      = 2005,
	url = {http://research.microsoft.com/users/chrisq/t2s_acl2005.pdf}
}

% Moses citation
@TechReport{SCALE-report,
	author    = "Kathy Baker and Steven Bethard and Michael Bloodgood and Ralf Brown and Chris Callison-Burch and Glen Coppersmith and Bonnie Dorr and Wes Filardo and Kendall Giles and Anni Irvine and Mike Kayser and Lori Levin and Justin Martineau and Jim May�eld and Scott Miller and Aaron Phillips and Andrew Philpot and Christine Piatko and Lane Schwartz and David Zajic",
	title     = "Semantically Informed Machine Translation ({SIMT})",
	institution = "Human Language Technology Center Of Excellence",
	type      = "{SCALE} Summer Workshop Final Report",
	year      = 2009,
}


% ~~~~~~~~~~~~~~~~~~~~~~~~~~~~~~~~~~~~~~~~~~~~~~~~~~~~~~~~~~~~~~
% ~~~~~ Active learning papers

@InProceedings{Ueffing2007,
	author    = "Nicola Ueffing and Gholamreza Haffari and Anoop Sarkar",
	title     = "Transductive learning for statistical machine translation",
	booktitle = ACL-2007,
	location  = ACL-2007-address,
	year      = 2007,
	url = {http://www.aclweb.org/anthology/P/P07/P07-1004}
}

@InProceedings{Engelson1996,
	author    = "Sean Engelson and Ido Dagan",
	title     = "Minimizing Manual Annotation Cost in Supervised Training from Corpora",
	pages     = "319--326",
	booktitle = "Proceedings of the 34th Annual Meeting of the Association for Computational Linguistics",
	location  = "San Francisco",
	year      = 1996,
	url = {http://citeseer.nj.nec.com/engelson96minimizing.html},
}

@InProceedings{Seung1992,
	author    = "H. S. Seung and Manfred Opper and Haim Sompolinsky",
	title     = "Query by Committee",
	pages     = "287--294",
	booktitle = "Computational Learning Theory",
	year      = 1992,
	url = {http://citeseer.nj.nec.com/seung92query.html}
}

@Article{Cohn1994,
	author    = "David Cohn and L. Atlas and R. Ladner",
	title     = "Improving generalization with active learning",
	pages     = "201--221",
	journal   = "Machine Learning",
	volume    = 15,
	number    = 2,
	year      = 1994,
}

@TechReport{Cohn1995,
	author    = "David Cohn",
	title     = "Minimizing Statistical Bias with Queries",
	institution = "Massachusetts Institute of Technology",
	type      = "AI Lab memo",
	number    = "AUM-1552",
	year      = 1995,
}

@InProceedings{Cohn1996,
	author    = "David Cohn and Zoubin Ghahramani and Michael I. Jordan",
	title     = "Active Learning with Statistical Models",
	pages     = "705--712",
	booktitle = "Advances in Neural Information Processing Systems",
	editor    = "G. Tesauro and D. Touretzky and T. Leen",
	volume    = 7,
	year      = 1996,
	publisher = "The {MIT} Press",
	url = {http://citeseer.nj.nec.com/cohn96active.html}
}

% TODO: is that really a hyphen for number?
@Article{Freund1997,
	author    = "Yoav Freund and H. Sebastian Seung and Eli Shamir and Naftali Tishby",
	title     = "Selective Sampling Using the Query by Committee Algorithm",
	pages     = "133--168",
	journal   = "Machine Learning",
	volume    = "28",
	number    = "2-3",
	year      = 1997,
	url = {http://citeseer.nj.nec.com/freund97selective.html}
}

@Article{Castelli1995,
	author    = "Vittorio Castelli and Thomas M. Cover",
	title     = "On the Exponential Value of Labeled Samples",
	pages     = "105--111",
	journal   = "Pattern Recognition Letters",
	volume    = 16,
	year      = 1995,
}


% ~~~~~~~~~~~~~~~~~~~~~~~~~~~~~~~~~~~~~~~~~~~~~~~~~~~~~~~~~~~~~~
% ~~~~~ Labeled and Unlabeled Data

@Article{Jensen1906,
	author    = "J. L. W. V. Jensen",
	title     = "Sur les fonctions convexes et les in{\'e}galit{\'e}s entre les valeurs moyennes",
	pages     = "175--193",
	journal   = "Acta Math",
	year      = 1906,
}

@Article{Dempster1977,
	author    = "A. P. Dempster and N. M. Laird and D. B. Rubin",
	title     = "Maximum likelihood from incomplete data via the {EM} algorithm",
	pages     = "1--38",
	journal   = "Journal of the Royal Statistical Society",
	volume    = 39,
	number    = 1,
	month     = nov,
	year      = 1977,
	key = {Series B},
}

@InProceedings{Ghahramani1994,
	author    = "Zoubin Ghahramani and Michael I. Jordan",
	title     = "Supervised learning from incomplete data via an {EM} approach",
	pages     = "120--127",
	booktitle = "Advances in Neural Information Processing Systems",
	volume    = 6,
	year      = 1994,
	url = {http://citeseer.nj.nec.com/ghahramani94supervised.html}
}

@mastersthesis{Corduneanu2002,
	author    = "Adrian Corduneanu",
	title     = "Stable Mixing of Complete and Incomplete Information",
	school    = "Massachusetts Institute of Technology",
	month     = feb,
	year      = 2002,
}

% TODO: is that really a slash (not en-dash) in number?
@Article{Nigam2000,
	author    = "Kamal Nigam and Andrew K. McCallum and Sebastian Thrun and Tom M. Mitchell",
	title     = "Text Classification from Labeled and Unlabeled Documents using {EM}",
	journal   = "Machine Learning",
	volume    = "39",
	number    = "2/3",
	pages     = "103--134",
	year      = 2000,
	url = {http://citeseer.nj.nec.com/nigam99text.html}
}


% ~~~~~~~~~~~~~~~~~~~~~~~~~~~~~~~~~~~~~~~~~~~~~~~~~~~~~~~~~~~~~~
% ~~~~~ Active learning applied to other NLP tasks

@InProceedings{Baldridge2003,
	author    = "Jason Baldridge and Miles Osborne",
	title     = "Active learning for {HPSG} parse selection",
	booktitle = "Proceedings of the 7th Conference on Natural Language Learning (CoNLL)",
	year      = 2003,
}

@InProceedings{Baldridge2004,
	author    = "Jason Baldridge and Miles Osborne",
	title     = "Active Learning and the Total Cost of Annotation",
	booktitle = EMNLP-2004,
	location  = EMNLP-2004-address,
	year      = 2004,
}

@InProceedings{Osborne2004,
	author    = "Miles Osborne and Jason Baldridge",
	title     = "Ensemble-based Active Learning for Parse Selection",
	booktitle = "Proceedings of NAACL",
	year      = 2004,
}

@InProceedings{Hwa2000,
	author    = "Rebecca Hwa",
	title     = "Sample selection for statistical grammar induction",
	pages     = "45--52",
	booktitle = EMNLP-2000,
	location  = EMNLP-2000-address,
	year      = 2000,
	url = {http://citeseer.nj.nec.com/article/hwa00sample.html}
}

@InProceedings{Hwa1999,
	author    = "Rebecca Hwa",
	title     = "Supervised grammar induction using training data with limited constituent information",
	pages     = "73--79",
	booktitle = "Proceedings of the 37th Annual Meeting of the Association for Computational Linguistics",
	year      = 1999,
	url = {http://citeseer.nj.nec.com/hwa99supervised.html}
}

@InProceedings{McCallum1998,
	author    = "Andrew McCallum and Kamal Nigam",
	title     = "Employing {EM} and Pool-Based Active Learning for Text Classification",
	booktitle = "Proceedings of the International Conference on Machine Learning",
	year      = 1998,
}


% ~~~~~~~~~~~~~~~~~~~~~~~~~~~~~~~~~~~~~~~~~~~~~~~~~~~~~~~~~~~~~~
% ~~~~~ Creating annotated corpora, and the cost of annotation

@Article{Marcus1993,
	author    = "Mitchell P. Marcus and BeatriceSantori and Marcinkiewicz, {Mary Ann}",
	title     = "Building a large annotated corpus of {E}nglish: the {P}enn {T}reebank",
	journal   = "Computational Linguistics",
	volume    = 19,
	year      = 1993,
}

@InProceedings{Ngai2000,
	author    = "Grace Ngai and David Yarowsky",
	title     = "Rule Writing or Annotation: Cost-efficient Resource Usage for Base Noun Phrase Chunking",
	pages     = "117--125",
	booktitle = "Proceedings of the 38th Annual Meeting of the Association for
	Computational Linguistics",
	location  = "Hong Kong",
	year      = 2000,
}


% ~~~~~~~~~~~~~~~~~~~~~~~~~~~~~~~~~~~~~~~~~~~~~~~~~~~~~~~~~~~~~~
% ~~~~~ Bootstrapping resources

@Article{Hwa2005,
	author    = "Rebecca Hwa and Philip Resnik and Amy Weinberg and Clara Cabezas and Okan Kolak",
	title     = "Bootstrapping Parsers via Syntactic Projection across Parallel Texts",
	journal   = "Journal of Natural Language Engineering",
	volume    = 11,
	number    = 3,
	year      = 2005,
}

@InProceedings{Smith2004,
	author    = "David Smith and Noah Smith",
	title     = "Bilingual Parsing with Factored Estimation: Using {E}nglish To Parse {K}orean",
	booktitle = "EMNLP",
	year      = 2004,
}


% ~~~~~~~~~~~~~~~~~~~~~~~~~~~~~~~~~~~~~~~~~~~~~~~~~~~~~~~~~~~~~~
% ~~~~~ Related topics

@InCollection{Callison-Burch2003b,
	author    = "Chris Callison-Burch and Miles Osborne",
	title     = "Statistical Natural Language Processing",
	booktitle = "A Handbook for Language Engineers",
	editor    = "Ali Farghaly",
	publisher = "CSLI",
	year      = 2003
}

@Article{Dietterich2000,
	author    = "Thomas G. Dietterich",
	title     = "Ensemble Methods in Machine Learning",
	journal   = "Lecture Notes in Computer Science",
	volume    = 1857,
	year      = 2000,
}

@InProceedings{Mitchell1998,
	author    = "Avrim Blum and Tom Mitchell",
	title     = "Combining Labeled and Unlabeled Data with Co-training",
	booktitle = "Workshop on Computational Learning Theory",
	year      = 1998,
	url = {http://citeseer.nj.nec.com/blum98combining.html}
}

@InProceedings{Abney2002,
	author    = "Steve Abney",
	title     = "Bootstrapping",
	booktitle = "Proceedings of the 40th Annual Meeting of the Association for Computational Linguistics",
	year      = 2002
}

@InProceedings{Henderson2000,
	author    = "John C. Henderson and Eric Brill.",
	title     = "Bagging and Boosting a Treebank Parser",
	booktitle = "1st Meeting of the North American Chapter of the Association for Computational Linguistics (NAACL-2000)",
	year      = 2000
}

@InCollection{Abney1991,
	author    = "Steven Abney",
	title     = "Parsing By Chunk",
	booktitle = "Principle-Based Parsing",
	editor    = "Robert Berwick",
	publisher = "Kluwer Academic",
	year      = 1991,
}

@InCollection{Abney1996,
	author    = "Steven Abney",
	title     = "Tagging and Partial Parsing",
	booktitle = "Corpus-Based Methods in Language and Speech",
	editor    = "Ken Church and Steve Young and Gerrit Bloothooft",
	publisher = "Kluwer Academic",
	year      = 1996,
}


% ~~~~~~~~~~~~~~~~~~~~~~~~~~~~~~~~~~~~~~~~~~~~~~~~~~~~~~~~~~~~~~
% ~~~~~ Estimation

@InCollection{Gale1999,
	author    = "William Gale and Kenneth Church",
	title     = "What's Wrong with Adding One?",
	booktitle = "Corpus-Based Research into Languge",
	editor    = "N. Oostdijk and P. de Haan",
	publisher = "Rodopi: In honour of Jan Aarts",
	pages     = "189--200",
	year      = 1999,
	url = {http://research.microsoft.com/users/church/wwwfiles/published_1994_paper.ps}
}

@TechReport{Gale1994,
	author    = "William Gale",
	title     = "Good-Turing Smoothing Without Tears",
	institution = "AT\&T Bell Laboratories",
	type      = "Statistics Research Reports from AT\&T Laboratories",
	number    = "94.5",
	year      = 1994,
	url = {http://www.research.att.com/areas/stat/doc/94.5.ps}
}


% ~~~~~~~~~~~~~~~~~~~~~~~~~~~~~~~~~~~~~~~~~~~~~~~~~~~~~~~~~~~~~~
% ~~~~~ Machine Learning Techniques

@InCollection{Dietterich2002,
	author    = "Thomas G. Dietterich",
	title     = "Machine Learning for Sequential Data: A Review",
	booktitle = "Structural, Syntactic, and Statistical Pattern Recognition",
	editor    = "T. Caelli",
	series    = "Lecture Notes in Computer Science",
	volume    = 2396,
	publisher = "Springer-Verlag",
	year      = 2002
}

@InProceedings{Lafferty2001,
	author    = "John Lafferty and Andrew McCallum and Fernando Pereira",
	title     = "Conditional Random Fields: Probabilistic Models for Segmenting and Labeling Sequence Data",
	booktitle = "Proceedings of ICML",
	year      = 2001,
}

@InProceedings{McCallum2000,
	author    = "Andrew McCallum and Dayne Freitag and Fernando Pereira",
	title     = "Maximum Entropy Markov Models for Information Extraction and Segmentation",
	booktitle = "Proceedings of ICML",
	year      = 2000,
}

@InProceedings{Sutton2004,
	author    = "Charles Sutton and Khashayar Rohanimanesh and Andrew McCallum",
	title     = "Dynamic Conditional Random Fields: Factorized Probabilistic Models for Labeling and Segmenting Sequence Data",
	booktitle = "ICML 2004",
	year      = 2004,
}


% ~~~~~~~~~~~~~~~~~~~~~~~~~~~~~~~~~~~~~~~~~~~~~~~~~~~~~~~~~~~~~~
% ~~~~~ Paraphrasing papers

@InProceedings{Callison-Burch2008,
	author    = "Chris Callison-Burch",
	title     = "Syntactic Constraints on Paraphrases Extracted from Parallel Corpora",
	booktitle = EMNLP-2008,
	location  = EMNLP-2008-address,
	year      = 2008,
}

@PhdThesis{Callison-Burch2007,
	author    = "Chris Callison-Burch",
	title     = "Paraphrasing and Translation",
	school    = "University of Edinburgh",
	address   = "Scotland",
	year      = 2007,
}

@InProceedings{Callison-Burch2006b,
	author    = "Chris Callison-Burch and Philipp Koehn and Miles Osborne",
	title     = "Improved Statistical Machine Translation Using Paraphrases",
	booktitle = HLT-NAACL-2006,
	location  = HLT-NAACL-2006-address,
	year      = 2006,
}

@InProceedings{Chiang2008,
	author    = "David Chiang and Steve DeNeefe and Yee Seng Chan and Hwee Tou Ng",
	title     = "Decomposability of Translation Metrics for Improved Evaluation and Efficient Algorithms",
	booktitle = EMNLP-2008,
	location  = EMNLP-2008-address,
	year      = 2008,
	url = {http://www.aclweb.org/anthology/D08-1064}
}

@InProceedings{Callison-Burch2005,
	author    = "Colin Bannard and Chris Callison-Burch",
	title     = "Paraphrasing with Bilingual Parallel Corpora",
	booktitle = ACL-2005,
	location  = ACL-2005-address,
	year      = 2005,
}

@PhdThesis{BarzilayThesis,
	author    = "Regina Barzilay",
	title     = "Information Fusion for Mutlidocument Summarization: Paraphrasing and Generation",
	school    = "Columbia University",
	address   = "New York",
	year      = 2003,
	url = {http://people.csail.mit.edu/regina/my_papers/thesis.ps}
}

@InProceedings{Shinyama2002,
	author    = "Yusuke Shinyama and Satoshi Sekine and Kiyoshi Sudo",
	title     = "Automatic Paraphrase Acquisition from News Articles",
	booktitle = "Proceedings of NAACL-HLT",
	year      = 2002
}

@InProceedings{Dolan2004,
	author    = "Bill Dolan and Chris Quirk and Chris Brockett",
	title     = "Unsupervised Construction of Large Paraphrase Corpora: Exploiting Massively Parallel News Sources",
	booktitle = "Proceedings of the 20th International Conference on Computational Linguistics",
	year      = 2004,
}

@InProceedings{Dolan2005,
	author    = "Bill Dolan and Chris Brockett",
	title     = "Automatically Constructing a Corpus of Sentential Paraphrases",
	booktitle = "Proceedings of 3rd International Workshop on Paraphrasing",
	year      = 2005,
}

@InProceedings{Ravichandran2002,
	author    = "Deepak Ravichandran and Eduard Hovy",
	title     = "Learning Sufrace Text Patterns for a Question Answering System",
	booktitle = ACL-2002,
	location  = ACL-2002-address,
	year      = 2002,
}

% Information about the size of the comparable corpora and English-English
% parallel corpora created in Dolan2004
@Misc{Brockett-personal-communication,
	author    = "Chris Brockett",
	month     = sep,
	year      = 2006,
	note = {personal communication}
}

@InProceedings{Quirk2004,
	author    = "Chris Quirk and Chris Brockett and William Dolan",
	title     = "Monolingual Machine Translation for Paraphrase Generation",
	booktitle = EMNLP-2004,
	location  = EMNLP-2004-address,
	year      = 2004,
}

@InProceedings{Ibrahim2003,
	author    = "Ali Ibrahim and Boris Katz and Jimmy Lin",
	title     = "Extracting Structural Paraphrases from Aligned Monolingual Corpora",
	booktitle = "Proceedings of the Second International Workshop on Paraphrasing (ACL 2003)",
	year      = 2003,
	url = {http://acl.ldc.upenn.edu/acl2003/iwp/pdf/Ibrahim.pdf}
}

@InProceedings{Barzilay2003,
	author    = "Regina Barzilay and Lillian Lee",
	title     = "Learning to Paraphrase: An Unsupervised Approach using Multiple-Sequence Alignment",
	booktitle = HLT-NAACL-2003,
	location  = HLT-NAACL-2003-address,
	year      = 2003,
	url = {http://www.cs.cornell.edu/Info/Projects/NLP/statpar.html}
}

@InProceedings{Barzilay2001,
	author    = "Regina Barzilay and Kathleen McKeown",
	title     = "Extracting Paraphrases from a Parallel Corpus",
	booktitle = ACL-2001,
	year      = 2001,
	url = {http://www.cs.columbia.edu/nlp/papers/2001/barzilay_mckeown_01.pdf}
}

@InProceedings{Barzilay2003a,
	author    = "Regina Barzilay and Noemie Elhadad",
	title     = "Sentence Alignment for Monolingual Comparable Corpora",
	booktitle = EMNLP-2003,
	location  = EMNLP-2003-address,
	year      = 2003,
	url = {http://people.csail.mit.edu/regina/my_papers/emnlp03.ps}
}

@InProceedings{McKeown2002,
	author    = "Kathleen R. McKeown and Regina Barzilay and David Evans and Vasileios Hatzivassiloglou and Judith L. Klavans and Ani Nenkova and Carl Sable and Barry Schiffman and Sergey Sigelman",
	title     = "Tracking and summarizing news on a daily basis with {C}olumbia's {N}ewsblaster",
	booktitle = "Proceedings of the Human Language Technology Conference",
	year      = 2002,
	url = {http://citeseer.ist.psu.edu/mckeown02tracking.html}
}

@InProceedings{ Barzilay1999,
	author    = "Regina Barzilay and Kathleen McKeown and Michael Elhadad",
	title     = "Information Fusion in the Context of Multi-Document Summarization",
	booktitle = ACL-1999,
	location  = ACL-1999-address,
	year      = 1999,
}

@Article{Nenkova2007,
	author    = "Ani Nenkova and Rebecca Passonneau and Kathleen McKeown",
	title     = "The pyramid method: Incorporating human content selection variation in summarization evaluation",
	journal   = "ACM Transactions on Speech and Language Processing",
	volume    = 4,
	number    = 2,
	year      = 2007,
}

@Article{Lin2001,
	author    = "Dekang Lin and Patrick Pantel",
	title     = "Discovery of Inference Rules from Text",
	pages     = "343--360",
	journal   = "Natural Language Engineering",
	volume    = 7,
	number    = 3,
	year      = 2001,
	url = {http://www.patrickpantel.com/Download/Papers/2001/jnle01.pdf}
}

@Article{Deerwester1990,
	author    = "Scott C. Deerwester and Susan T. Dumais and Thomas K. Landauer and George W. Furnas and Richard A. Harshman",
	title     = "Indexing by Latent Semantic Analysis",
	journal   = "Journal of the American Society of Information Science",
	volume    = 41,
	number    = 6,
	year      = 1990,
	url = {http://citeseer.ist.psu.edu/deerwester90indexing.html}
}

@InProceedings{Pang2003,
	author    = "Bo Pang and Kevin Knight and Daniel Marcu",
	title     = "Syntax-based Alignment of Multiple Translations: Extracting Paraphrases and Generating New Sentences",
	booktitle = HLT-NAACL-2003,
	location  = HLT-NAACL-2003-address,
	year      = 2003,
	url = {http://www.isi.edu/~marcu/papers/mta-hlt-naacl03.pdf}
}

@InProceedings{Bolshakov2004,
	author    = "Igor Bolshakov and Alexander Gelbukh",
	title     = "Synonymous Paraphrasing Using {W}ord{N}et and the {I}nternet",
	booktitle = "Proceedings of NLDB (Natural Language in the Database)",
	year      = 2004,
	url = {http://www.springerlink.com/index/57LBVKHLYMJQAGJ3.pdf}
}

@Article{Miller1990,
	author    = "George A. Miller",
	title     = "{W}ord{N}et: An on-line lexical database",
	journal   = "Special Issue of the International Journal of Lexicography",
	volume    = 3,
	number    = 4,
	year      = 1990,
}

% BUG: really that many pages?
@InProceedings{Pereira1993,
	author    = "Fernando Pereira and Naftali Tishby and Lillian Lee",
	title     = "Distributional Clustering of {E}nglish Words",
	pages     = "183--1990",
	booktitle = "ACL-93",
	year      = 1993,
	url = {http://xxx.lanl.gov/pdf/cmp-lg/9408011}
}

@InProceedings{Lin1998,
	author    = "Dekang Lin",
	title     = "Automatic Retrieval and Clustering of Similar Words",
	booktitle = "COLING-ACL98",
	year      = 1998,
}

@InProceedings{Church1989,
	author    = "Ken Church and Patrick Hanks",
	title     = "Word Association Norms, Mutual Information, and Lexicography",
	pages     = "132--139",
	booktitle = ACL-1989,
	location  = ACL-1989-address,
	year      = 1989,
	url = {http://acl.ldc.upenn.edu/P/P89/P89-1010.pdf}
}

@InProceedings{Duboue2006,
	author    = "Pablo Ariel Duboue and Jennifer Chu-Carroll",
	title     = "Answering the Question You Wished They Had Asked: The Impact of Paraphrasing for Question Answering",
	booktitle = HLT-NAACL-2006,
	location  = HLT-NAACL-2006-address,
	year      = 2006,
}


% ~~~~~~~~~~~~~~~~~~~~~~~~~~~~~~~~~~~~~~~~~~~~~~~~~~~~~~~~~~~~~~
% ~~~~~ Rule-based Paraphrasing

@InProceedings{McKeown1979,
	author    = "Kathleen R. McKeown",
	title     = "Paraphrasing using given and new information in a question--answer system",
	pages     = "67--72",
	booktitle = "17th Annual Meeting of the Association for Computational Linguistics",
	location  = "La Jolla, California",
	year      = 1979,
	url = {http://acl.ldc.upenn.edu/P/P79/P79-1016.pdf}
}

@InProceedings{Meteer1988,
	author    = "Marie Meteer and Varda Shaked",
	title     = "Strategies for effective paraphrasing",
	booktitle = "12th International Conference on Computational Linguistics (CoLing-1988)",
	pages     = "431--436",
	year      = 1988,
	url = {http://acl.ldc.upenn.edu/C/C88/C88-2088.pdf}
}

@InCollection{Iordanskaja1991,
	author    = "Lidija Iordanskaja and Richard Kittredge and Alain Polg{\'e}re",
	title     = "Lexical selection and paraphrase in a meaning text generation model",
	booktitle = "Natural Language Generation in Artificial Intelligence and Computational Linguistics",
	editor    = "C{\'e}cile L. Paris and William R. Swartout and William C. Mann",
	publisher = "Kluwer Academic",
	year      = 1991,
}

@InProceedings{Dras1997,
	author    = "Mark Dras",
	title     = "Representing Paraphrases Using Synchronous Tree Adjoining Grammars",
	booktitle = ACL-1997,
	location  = ACL-1997-address,
	year      = 1997,
}

@InProceedings{Dras1997b,
	author    = "Mark Dras",
	title     = "Reluctant Paraphrase: Textual Restructuring Under and Optimization Model",
	pages     = "184--191",
	booktitle = "PACLING-97",
	year      = 1997,
}

@InProceedings{Dras1999b,
	author    = "Mark Dras",
	title     = "A Meta-Level Grammar: Redefining Synchronous {TAG}s for Translation and Paraphrase",
	pages     = "98--104",
	booktitle = ACL-1999,
	location  = ACL-1999-address,
	year      = 1999,
}

@PhdThesis{Dras1999,
	author    = "Mark Dras",
	title     = "Tree Adjoining Grammar and the Reluctant Paraphrasing of Text",
	school    = "Macquarie University",
	address   = "Australia",
	year      = 1999,
	url = {http://www.ics.mq.edu.au/~madras/papers/thesis.ps.gz}
}


% ~~~~~~~~~~~~~~~~~~~~~~~~~~~~~~~~~~~~~~~~~~~~~~~~~~~~~~~~~~~~~~
% ~~~~~ Articles loosely related to paraphrasing

@InProceedings{Diab2000,
	author    = "Mona Diab",
	title     = "An Unsupervised Method for Word Sense Tagging using Parallel Corpora: A Preliminary Investigation",
	booktitle = "Proceedings of Special Interest Group in Lexical Semantics (SIGLEX) Workshop",
	year      = 2000,
	url = {http://www1.cs.columbia.edu/~mdiab/papers/siglexHK00_rtf.pdf}
}

@InProceedings{Diab2002,
	author    = "Mona Diab and Philip Resnik",
	title     = "An Unsupervised Method for Word Sense Tagging using Parallel Corpora",
	booktitle = ACL-2002,
	location  = ACL-2002-address,
	year      = 2002,
	url = {http://www.umiacs.umd.edu/~resnik/pubs/acl02mona.pdf}
}

@InProceedings{Resnik2004,
	author    = "Philip Resnik",
	title     = "Exploiting Hidden Meanings: Using Bilingual Text for Monolingual Annotation",
	pages     = "283--299",
	booktitle = "Computational Linguistics and Intelligent Text Processing",
	series    = "Lecture Notes in Computer Science",
	number    = 2945,
	year      = 2004,
	editor    = "Alexander Gelbukh",
	publisher = "Springer",
	url = {http://umiacs.umd.edu/~resnik/pubs/cicling2004.ps}
}

@InProceedings{Lin1993,
	author    = "Dekang Lin",
	title     = "Parsing Without Over Generation",
	booktitle = "31st Annual Meeting of the Association for Computational Linguistics",
	location  = "Columbus, Ohio",
	year      = 1993,
}

@InProceedings{Charniak2000,
	author    = "Eugene Charniak",
	title     = "A Maximum-Entropy-Inspired Parser",
	booktitle = "Proceedings of NAACL",
	year      = 2000,
}

@InProceedings{Bar-Haim2006,
	author    = "Roy Bar-Haim and Ido Dagan and Bill Dolan and Lisa Ferro and Danilo Giampiccolo and Bernardo Magnini and Idan Szpektor",
	title     = "The second {PASCAL} Recognizing Textual Entailment Challenge",
	booktitle = "Proceedings of the Second {PASCAL} Recognizing Textual Entailment Challenge",
	year      = 2006,
}

@InProceedings{Bosma2006,
	author    = "Wauter Bosma and Chris Callison-Burch",
	title     = "Paraphrase Substitution for Recognizing Textual Entailment",
	booktitle = "Proceedings of CLEF",
	year      = 2006,
}


% ~~~~~~~~~~~~~~~~~~~~~~~~~~~~~~~~~~~~~~~~~~~~~~~~~~~~~~~~~~~~~~
% ~~~~~ Human-aided machine translation

@InProceedings{Callison-Burch2005c,
	author    = "Chris Callison-Burch and Colin Bannard and Josh Schroeder",
	title     = "A Compact Data Structure for Searchable Translation Memories",
	booktitle = "European Association for Machine Translation",
	year      = 2005,
}

@InProceedings{Callison-Burch2004c,
	author    = "Chris Callison-Burch and Colin Bannard and Josh Schroeder",
	title     = "Improved Statistical Translation Through Editing",
	booktitle = "European Association for Machine Translation",
	year      = 2004,
}

@InProceedings{Callison-Burch2005d,
	author    = "Chris Callison-Burch",
	title     = "Linear {B} System Description for the 2005 {NIST} {MT} Evaluation Exercise",
	booktitle = "Proceedings of the {NIST} 2005 Machine Translation Evaluation Workshop",
	year      = 2005,
}

@InProceedings{Koehn2005b,
	author    = "Philipp Koehn and Amittai Axelrod and Alexandra Birch and Chris Callison-Burch and Miles Osborne and David Talbot and Michael White",
	title     = "Edinburgh System Description for the 2005 {NIST} {MT} Evaluation",
	booktitle = "Proceedings of the {NIST} 2005 Machine Translation Evaluation Workshop",
	year      = 2005,
}

@InProceedings{Koehn2005c,
	author    = "Philipp Koehn and Amittai Axelrod and Alexandra Birch and Chris Callison-Burch and Miles Osborne and David Talbot and Michael White",
	title     = "Edinburgh System Description for the 2005 {IWSLT} Speech Translation Evaluation",
	booktitle = "Proceedings of International Workshop on Spoken Language Translation",
	year      = 2005,
	url = {http://cs.jhu.edu/~ccb/publications/iwslt05-report.pdf}
}

@InProceedings{Paul2006,
	author    = "Michael Paul",
	title     = "Overview of the {IWSLT} 2006 Evaluation Campaign",
	booktitle = "Proceedings of International Workshop on Spoken Language Translation",
	year      = 2006,
}

@InProceedings{Paul2008,
	author    = "Michael Paul",
	title     = "Overview of the {IWSLT} 2008 Evaluation Campaign",
	booktitle = "Proceedings of the International Workshop on Spoken Language Translation",
	address   = "Honolulu, Hawaii",
	year      = 2008,
}

@InProceedings{Eck2005,
	author    = "Matthias Eck and Chiori Hori",
	title     = "Overview of the {IWSLT} 2005 Evaluation Campaign",
	booktitle = "Proceedings of International Workshop on Spoken Language Translation",
	year      = 2005,
}

@TechReport{Kay1980,
	author    = "Martin Kay",
	title     = "The Proper Place of Men and Machines in Language Translation",
	institution = "Xerox PARC",
	number    = "CSL-80-1",
	type      = "Technical Report",
	year      = 1980,
	note = "Reprinted in \cite{Kay1997}",
	url = {http://ipsapp007.lwwonline.com/content/getfile/4598/1/1/fulltext.pdf}
}

% TODO: should that number really be an en-dash not a hyphen?
@Article{Kay1997,
	author    = "Martin Kay",
	title     = "The Proper Place of Men and Machines in Language Translation",
	journal   = "Machine translation",
	volume    = 12,
	number    = "1--2",
	pages     = "3--23",
	year      = 1997,
	note = {Reprint of \cite{Kay1980}},
	url = {http://ipsapp007.lwwonline.com/content/getfile/4598/1/1/fulltext.pdf}
}

@Article{Church1993,
	author    = "Kenneth Church and Eduard Hovy",
	title     = "Good Applications for Crummy Machine Translation",
	journal   = "Machine Translation",
	volume    = 8,
	year      = 1993,
}

@InProceedings{Och2003b,
	author    = "Franz Josef Och and Richard Zens and Hermann Ney",
	title     = "Efficient Search for Interactive Statistical Machine Translation",
	booktitle = "Proceedings of the 10th Conference of the European Chapter of the Association for Computational Linguistics",
	year      = 2003,
	pages     = "387--393",
	url = {http://tt2.sema.es/docs/Zens+Och+Ney_EfficientSearchForInteractiveSMT_EACL_2003.pdf}
}

% BUG: character encoding
@InProceedings{Civera2004,
	author    = "Jorge Civera and Elsa Cubel and Antonio L. Lagarda and David Pic� and Jorge Gonz�lez and Enrique Vidal and Francisco Casacuberta and Juan M. Vilar and Sergio Barrachina",
	title     = "From Machine Translation to Computer Assisted Translation using Finite-State Models",
	booktitle = "Proceedings of the 2004 Conference on Empirical Methods in Natural Language Processing (EMNLP04)",
	year      = 2004,
	url = {http://acl.ldc.upenn.edu/acl2004/emnlp/pdf/Civera.pdf}
}

@InProceedings{Foster2002b,
	author    = "George Foster and Philippe Langlais and Elliott Macklovitch and Guy Lapalme",
	title     = "{T}rans{T}ype: Text Prediction for Translators",
	booktitle = "the 40th Annual Meeting of the Association for Computational Linguistics",
	year      = 2002,
	note = {Demonstration Description}
}

@InProceedings{Foster2002,
	author    = "George Foster and Philippe Langlais and Elliott Macklovitch and Guy Lapalme",
	title     = "User-Friendly Text Prediction for Translators",
	booktitle = "Proceedings of the Conference on Empirical Methods in Natural Language Processing",
	year      = 2002,
}


% ~~~~~~~~~~~~~~~~~~~~~~~~~~~~~~~~~~~~~~~~~~~~~~~~~~~~~~~~~~~~~~
% ~~~~~ Searchable Translation Memories

@InProceedings{Callison-Burch2004b,
	author    = "Chris Callison-Burch and Colin Bannard and Josh Schroeder",
	title     = "Searchable Translation Memories",
	booktitle = "Proceedings of ASLIB Translating and the Computer 26",
	year      = 2004,
}

@InProceedings{Barlow2004,
	author    = "Michael Barlow",
	title     = "Parallel concordancing and translation",
	booktitle = "Proceedings of ASLIB Translating and the Computer 26",
	year      = 2004,
}

@Article{Barlow1996,
	author    = "Michael Barlow",
	title     = "Corpora for theory and practice",
	pages     = "1--37",
	journal   = "International Journal of Corpus Linguistics",
	volume    = 1,
	number    = 1,
	year      = 1996,
}

@InCollection{Trujillo99,
	author    = "Arturo Trujillo",
	title     = "Translator's Workbench and Translation Aids",
	pages     = "57--85",
	booktitle = "Translation Engines: Techniques for Machine Translation",
	publisher = "Springer-Verlag",
	year      = 1999,
}


% ~~~~~~~~~~~~~~~~~~~~~~~~~~~~~~~~~~~~~~~~~~~~~~~~~~~~~~~~~~~~~~
% ~~~~~ Suffix Arrays

@Article{Yamamoto2001,
	author    = "Mikio Yamamoto and Kenneth Church",
	title     = "Using Suffix Arrays to compute Term Frequency and Document Frequency for All Substrings in a Corpus",
	pages     = "1--30",
	journal   = "Compuatational Linguistics",
	year      = 2001,
	volume    = 27,
	number    = 1,
	url = {http://acl.ldc.upenn.edu/J/J01/J01-1001.pdf}
}

@InProceedings{Manber1990,
	author    = "Udi Manber and Gene Myers",
	title     = "Suffix Arrays: A New Method for On-line String Searches",
	pages     = "319--327",
	booktitle = "The First Annual ACM-SIAM Symposium on Dicrete Algorithms",
	year      = 1990,
}

@TechReport{Zhang2006,
	author    = "Ying Zhang and Stephan Vogel",
	title     = "Suffix array and its applications in empirical natural language processing",
	institution = "Carnegie Mellon University Language Technologies Institute, School of Computer Science",
	number    = "CMU-LTI-06-010",
	type      = "Technical Report",
	month     = dec,
	year      = 2006,
	address   = "Pittsburgh, PA",
}

@InProceedings{Lopez2007,
	author    = "Adam Lopez",
	title     = "Hierarchical Phrase-Based Translation with Suffix Arrays",
	booktitle = EMNLP-2007,
	location  = EMNLP-2007-address,
	year      = 2007,
}

@InProceedings{zhang2005eamt,
	author    = "Ying Zhang and Stephan Vogel",
	title     = "An Efficient Phrase-to-Phrase Alignment Model for Arbitrarily Long Phrase and Large Corpora",
	booktitle = "Proceedings of the Tenth Conference of the European Association for Machine Translation (EAMT-05)",
	month     = may,
	year      = 2005,
	location  = "Budapest, Hungary",
	organization = "The European Association for Machine Translation",
}

@PhdThesis{Lopez2008,
	author    = "Adam Lopez",
	title     = "Machine Translation by Pattern Matching",
	school    = "University of Maryland",
	month     = mar,
	year      = 2008,
}

@Article{Levenshtein1966,
	author    = "Vladimir I. Levenshtein",
	title     = "Binary codes capable of correcting deletions, insertions, and reversals",
	pages     = "707--710",
	journal   = "Soviet Physics Report",
	volume    = 10,
	number    = 8,
	year      = 1966,
}


% ~~~~~~~~~~~~~~~~~~~~~~~~~~~~~~~~~~~~~~~~~~~~~~~~~~~~~~~~~~~~~~
% ~~~~~ Word Sense Disambiguation

@InProceedings{Brown1991,
	author    = "Peter Brown and Della Pietra, Stephen and Della Pietra, Vincent and Robert Mercer",
	title     = "A Statistical Approach to Sense Disambiguation in Machine Translation",
	pages     = "146--151",
	booktitle = "Workshop on Human Language Technology",
	year      = 1991,
}

@Article{ Dagan1994,
	author    = "Ido Dagan and Alon Itai",
	title     = "Word Sense Disambiguation Using a Second Language Monolingual Corpus",
	pages     = "563--596",
	journal   = "Computational Linguistics",
	volume    = 20,
	number    = 4,
	year      = 1994,
	url = {http://citeseer.ist.psu.edu/dagan94word.html}
}

@InProceedings{Dyvik1998,
	author    = "Helge Dyvik",
	title     = "Translations as Semantic Mirrors",
	pages     = "24--44",
	booktitle = "Workshop on Multilinguality and the Lexicon",
	year      = 1998,
}

@Article{ Resnik1999,
	author    = "Philip Resnik and David Yarowksy",
	title     = "Distinguishing Systems and Distinguishing Senses: New Evaluation Methods for Word Sense Disambiguation",
	pages     = "113--133",
	journal   = "Natural Language Engineering",
	volume    = 5,
	number    = 2,
	year      = 1999,
}

@Article{Ide2000,
	author    = "Nancy Ide",
	title     = "Cross language sense determination: Can it work?",
	pages     = "15--48",
	journal   = "Computers and the Humanities: Sepcail Issue on {SENSEVAL}",
	volume    = 34,
	year      = 2000,
}


% ~~~~~~~~~~~~~~~~~~~~~~~~~~~~~~~~~~~~~~~~~~~~~~~~~~~~~~~~~~~~~~
% ~~~~~ Parsers

@Article{Marcus1993,
	author    = "Mitchell P. Marcus and Mary Ann Marcinkiewicz and Beatrice Santorini",
	title     = "Building a Large Annotated Corpus of {E}nglish: The {P}enn {T}reebank",
	journal   = "Computational Linguistics",
	volume    = 19,
	number    = 2,
	year      = 1993,
}

@InProceedings{Steedman1999,
	author    = "Mark Steedman",
	title     = "Alternative quantifier scope in {CCG}",
	booktitle = ACL-1999,
	location  = ACL-1999-address,
	year      = 1999,
}

@InProceedings{Charniak1997,
	author    = "Eugene Charniak",
	title     = "Statistical parsing with a context-free grammar and word statistics",
	booktitle = "Proceedings of AAAI",
	year      = 1997
}

@InProceedings{Collins1996,
	author    = "Michael Collins",
	title     = "A New Statistical Parser Based on Bigram Lexical Dependencies",
	booktitle = ACL-1996,
	year      = 1996,
}

@InProceedings{Cowan2005,
	author    = "Brooke Cowan and Michael Collins",
	title     = "Morphology and Reranking for the Statistical Parsing of {S}panish",
	booktitle = EMNLP-2005,
	location  = EMNLP-2005-address,
	year      = 2005,
}

% BUG: character encoding
@InProceedings{Bick2006,
	author    = "Eckhard Bick",
	title     = "A Constraint Grammar-Based Parser for {S}panish",
	booktitle = "Proceedings of the 4th Workshop on Information and Human Language Technology (TIL-2006)",
	location  = "Ribeir�o Preto, Brazil",
	year      = 2006,
}

, (2006-6). <http://beta.visl.sdu.dk/pdf/TIL2006.pdf>. In: // (Ribeir�o Preto, October 27-28, 2006). ISBN 85-87837-11-7 (full text in http://beta.visl.sdu.dk/Artikeloversigt.html).


@InProceedings{Arun2005,
	author    = "Abhishek Arun and Frank Keller",
	title     = "Lexicalization in Crosslinguistic Probabilistic Parsing: The Case of {F}rench",
	booktitle = ACL-2005,
	year      = 2005,
	url = {http://www.aclweb.org/anthology/P/P05/P05-1038},
}

@InProceedings{Dubey2005,
	author    = "Amit Dubey",
	title     = "What to do when lexicalization fails: parsing {G}erman with suffix analysis and smoothing",
	booktitle = ACL-2005,
	year      = 2005,
}

@InProceedings{Bikel2002,
	author    = "Dan Bikel",
	title     = "Design of a Multi-lingual, Parallel-processing Statistical Parsing Engine",
	booktitle = HLT-2002,
	location  = HLT-2002-address,
	year      = 2002,
}

@InProceedings{Bojar2004,
	author    = "Ond{\v{r}}ej Bojar",
	title     = "Problems of Inducing Large Coverage Constraint-Based Dependency Grammar for {C}zech",
	booktitle = "Constraint Solving and Language Processing, CSLP 2004",
	editor    = "Henning Christiansen and Peter Rossen Skadhauge and Jorgen Villadsen",
	publisher = "Springer",
	year      = 2004,
	volume    = "LNAI 3438",
	url = {http://www.ruc.dk/dat/forskning/skrifter/DS99.pdf}
}


% ~~~~~~~~~~~~~~~~~~~~~~~~~~~~~~~~~~~~~~~~~~~~~~~~~~~~~~~~~~~~~~
% ~~~~~ WMT 07 shared task

@Article{czeng2006,
	author    = "Ond{\v{r}}ej Bojar and Zden{\v{e}}k {\v{Z}}abokrtsk{\'y}",
	title     = "{C}z{E}ng: {C}zech--{E}nglish Parallel Corpus, Release version 0.5",
	journal   = PBML,
	volume    = 86,
	year      = 2006,
	publisher = "Charles University",
	address   = "Prague",
	issn = {0032-6585},
	url = {http://ufal.mff.cuni.cz/czeng/}
}

@InProceedings{cost:07anal,
	author    = "Marta R. Costa-Juss{\`a} and Jos{\'e} A. R. Fonollosa",
	title     = "Analysis of statistical and morphological classes to generate weighted reordering hypotheses on a Statistical Machine Translation system",
	booktitle = "Proceedings of the ACL-2007 Workshop on Statistical Machine Translation ({WMT-07})",
	location  = ACL-2007-address,
	year      = 2007,
}

@InProceedings{cive:07doma,
	author    = "Jorge Civera and Alfons Juan",
	title     = "Domain Adaptation in Statistical Machine Translation with Mixture Modelling",
	booktitle = "Proceedings of the ACL-2007 Workshop on Statistical Machine Translation ({WMT-07})",
	location  = ACL-2007-address,
	year      = 2007,
}

@InProceedings{Koehn2007,
	author    = "Philipp Koehn and Josh Schroeder",
	title     = "Experiments in Domain Adaptation for Statistical Machine Translation",
	booktitle = "Proceedings of the ACL-2007 Workshop on Statistical Machine Translation ({WMT-07})",
	location  = ACL-2007-address,
	year      = 2007,
}

@InProceedings{holm:07gett,
	author    = "Maria Holmqvist and Sara Stymne and Lars Ahrenberg",
	title     = "Getting to know {M}oses: Initial experiments on {G}erman--{E}nglish factored translation",
	booktitle = "Proceedings of the ACL-2007 Workshop on Statistical Machine Translation ({WMT-07})",
	location  = ACL-2007-address,
	year      = 2007,
}

% BUG: character encoding
@InProceedings{ueff:07nrcs,
	author    = "Nicola Ueffing and Michel Simard and Samuel Larkin and Howard Johnson",
	title     = "{NRC}�'s {PORTAGE} system for {WMT} 2007",
	booktitle = "Proceedings of the ACL-2007 Workshop on Statistical Machine Translation ({WMT-07})",
	location  = ACL-2007-address,
	year      = 2007,
}

@InProceedings{schw:07buil,
	author    = "Holger Schwenk",
	title     = "Building a Statistical Machine Translation System for {F}rench using the {E}uroparl Corpus",
	booktitle = "Proceedings of the ACL-2007 Workshop on Statistical Machine Translation ({WMT-07})",
	location  = ACL-2007-address,
	year      = 2007,
}

@InProceedings{chen:07mult,
	author    = "Yu Chen and Andreas Eisele and Christian Federmann and Eva Hasler and Michael Jellinghaus and Silke Theison",
	title     = "Multi-Engine Machine Translation with an Open-Source Decoder for Statistical Machine Translation",
	booktitle = "Proceedings of the ACL-2007 Workshop on Statistical Machine Translation ({WMT-07})",
	location  = ACL-2007-address,
	year      = 2007,
}

@InProceedings{CMU-MEMT,
	author    = "Shyamsundar Jayaraman and Alon Lavie",
	title     = "Multi-Engine Machine Translation Guided by Explicit Word Matching",
	pages     = "143--152",
	booktitle = "Proceedings of the 10th Annual Conference of the European Association for Machine Translation",
	location  = "Budapest, Hungary",
	month     = may,
	year      = 2005,
}

@InProceedings{paul:07isl,
	author    = "Matthias Paulik and Kay Rottmann and Jan Niehues and Silja Hildebrand and Stephan Vogel",
	title     = "The {ISL} Phrase-Based {MT} System for the 2007 {ACL} {W}orkshop on {S}tatistical {M}achine {T}ranslation",
	booktitle = "Proceedings of the ACL-2007 Workshop on Statistical Machine Translation ({WMT-07})",
	location  = ACL-2007-address,
	year      = 2007,
}

@InProceedings{sima:07rule,
	author    = "Michel Simard and Nicola Ueffing and Pierre Isabelle and Roland Kuhn",
	title     = "Rule-based Translation With Statistical Phrase-based Post-editing",
	booktitle = "Proceedings of the ACL-2007 Workshop on Statistical Machine Translation ({WMT-07})",
	location  = ACL-2007-address,
	year      = 2007,
}

@InProceedings{dyer:07nois,
	author    = "Christopher J. Dyer",
	title     = "The `noisier channel': translation from morphologically complex languages",
	booktitle = "Proceedings of the ACL-2007 Workshop on Statistical Machine Translation ({WMT-07})",
	location  = ACL-2007-address,
	year      = 2007,
}

@InProceedings{nako:07ucb,
	author    = "Preslav Nakov and Marti Hearst",
	title     = "{UCB} System Description for the {WMT} 2007 Shared Task",
	booktitle = "Proceedings of the ACL-2007 Workshop on Statistical Machine Translation ({WMT-07})",
	location  = ACL-2007-address,
	year      = 2007,
}

@InProceedings{lavi:07mete,
	author    = "Alon Lavie and Abhaya Agarwal",
	title     = "{METEOR}: An Automatic Metric for {MT} Evaluation with High Levels of Correlation with Human Judgments",
	booktitle = "Proceedings of the ACL-2007 Workshop on Statistical Machine Translation ({WMT-07})",
	location  = ACL-2007-address,
	year      = 2007,
}

@InProceedings{samt2006,
	author    = "Andreas Zollmann and Ashish Venugopal",
	title     = "Syntax Augmented Machine Translation via Chart Parsing",
	booktitle = "Proceedings of the NAACL-2006 Workshop on Statistical Machine Translation ({WMT-06})",
	year      = 2006,
}

@InProceedings{duga:07stat,
	author    = "Lo{\"\i}c Dugast and Jean Senellart and Philipp Koehn",
	title     = "Statistical Post-Editing on {SYSTRAN}'s Rule-Based Translation System",
	booktitle = "Proceedings of the ACL-2007 Workshop on Statistical Machine Translation ({WMT-07})",
	location  = ACL-2007-address,
	year      = 2007,
}

@InProceedings{boja:07engl,
	author    = "Ond{\v{r}}ej Bojar",
	title     = "{E}nglish-to-{C}zech Factored Machine Translation",
	booktitle = "Proceedings of the ACL-2007 Workshop on Machine Translation ({WMT-07})",
	location  = ACL-2007-address,
	year      = 2007,
}

@PhdThesis{Dalmas2007,
	author    = "Tiphaine Dalmas",
	title     = "Information Fusion for Automated Question Answering",
	school    = "University of Edinburgh",
	address   = "Scotland",
	year      = 2007,
}


% ~~~~~~~~~~~~~~~~~~~~~~~~~~~~~~~~~~~~~~~~~~~~~~~~~~~~~~~~~~~~~~
% ~~~~~ Historical papers

@Article{Tarski1944,
	author    = "Alfred Tarski",
	title     = "The Semantic Conception of Truth and the Foundations of Semantics",
	journal   = "Philosophy and Phenomenological Research",
	year      = 1944,
}

@Article{Harris1954,
	author    = "Zellig Harris",
	title     = "Distributional Structure",
	pages     = "146--162",
	journal   = "Word",
	volume    = 10,
	number    = "2-3",
	year      = 1954,
}

@Article{Harris1957,
	author    = "Zellig Harris",
	title     = "Co-occurrence and transformation in linguistic structure",
	pages     = "283--340",
	journal   = "Language",
	volume    = 30,
	number    = 3,
	year      = 1957,
}

@Book{Chomsky1957,
	author    = "Noam Chomsky",
	title     = "Syntactic Structures",
	publisher = "Mouton Publishers",
	address   = "Paris",
	year      = 1957,
}

@Article{Partee1975,
	author    = "Barbara Partee",
	title     = "Montague Grammar and Transformational Grammar",
	pages     = "203--300",
	journal   = "Linguistic Inquiry",
	volume    = 6,
	number    = 2,
	year      = 1975,
}

@TechReport{Winograd1971,
	author    = "Terry Winograd",
	title     = "Procedures as a Representation for Data in a Computer Program for Understanding Natural Language",
	institution = "MIT",
	number    = 235,
	type      = "AI Technical Report",
	year      = 1971,
}

@Article{Bar-Hillel1960,
	author    = "Yehoshua Bar-Hillel",
	title     = "The present status of automatic translation of languages",
	pages     = "91--163",
	journal   = "Advances in Computers",
	volume    = 1,
	year      = 1960,
}

@InProceedings{Kaplan1989,
	author    = "Ronald Kaplan and Klaus Netter and Jurgen Wedekind and Annie Zaenen",
	title     = "Translation by Structural Correspondences",
	booktitle = EACL-1989,
	location  = EACL-1989-address,
	year      = 1989,
}

@InProceedings{Nirenburg1990,
	author    = "Sergei Nirenburg and Kenneth Goodman",
	title     = "Treatment of Meaning in {MT}",
	booktitle = "Proceedings of Theoretical and Methodological Issues in Machine Translation",
	year      = 1990,
}

@InProceedings{VonAhn2004,
	author    = "Luis von Ahn and Laura Dabbish",
	title     = "Labeling images with a computer game",
	booktitle = "Proceedings of the {SIGCHI} conference on Human factors in computing systems",
	year      = 2004,
}

@Article{kupper1989,
	author    = "Lawrence L. Kupper and Kerry B. Hafner",
	title     = "On Assessing Interrater Agreement for Multiple Attribute Responses",
	pages     = "957--967",
	journal   = "Biometrics",
	volume    = 45,
	number    = 3,
	year      = 1989,
}

% Was october 4th--6th
@InProceedings{Kulesza:2004:LAI,
	author    = "Alex Kulesza and Stuart M. Shieber",
	title     = "A Learning Approach to Improving Sentence-Level {MT} Evaluation",
	booktitle = "Proceedings of the 10th International Conference on Theoretical and Methodological Issues in Machine Translation",
	location  = "Baltimore, MD",
	month     = oct,
	year      = 2004,
	url = {http://www.eecs.harvard.edu/~shieber/Biblio/Papers/kulesza-mt-evaluation04.pdf},
}

@InProceedings{Fredkin1960,
	author    = "Edward Fredkin",
	title     = "Trie Memory",
	pages     = "490--499",
	booktitle = "Communications of the ACM",
	volume    = 3,
	number    = 9,
	year      = 1960,
}

@InProceedings{Ayan2006a,
	author    = "Necip Fazil Ayan and Bonnie Dorr",
	title     = "Going beyond {AER}: An extensive analysis of word alignments and their impact on {MT}",
	pages     = "9--16",
	booktitle = ACL-2006,
	location  = ACL-2006-address,
	month     = jul,
	year      = 2006,
}

@Manual{ant1.7.1,
	title     = "Apache Ant 1.7.1 Manual",
	year      = 2008,
	organization = "The Apache Software Foundation",
}

% ~~~~~~~~~~~~~~~~~~~~~~~~~~~~~~~~~~~~~~~~~~~~~~~~~~~~~~~~~~~~~~
% ~~~~~~~~~~~~~~~~~~~~~~~~~~~~~~~~~~~~~~~~~~~~~~~~~~~~~~~~~ fin.
