%% This BibTeX bibliography file was created using BibDesk.
%% http://bibdesk.sourceforge.net/


%% Created for Kai von Fintel at 2009-07-13 22:22:52 -0400 


%% Saved with string encoding Unicode (UTF-8) 



@book{Knuth84TeXBook,
	Address = {Reading, MA},
	Author = {Knuth, Donald E},
	Booktitle = {The {\TeX} book},
	Date-Modified = {2009-07-13 22:22:36 -0400},
	Publisher = {Addison-Wesley},
	Title = {The {\TeX} book},
	Year = {1984}}

@book{KopkaDaly03,
	Address = {London},
	Author = {Kopka, Helmut and Patrick W.~Daly},
	Booktitle = {A Guide to {\LaTeX}},
	Date-Modified = {2009-07-13 22:22:45 -0400},
	Edition = {4},
	Publisher = {Addison-Wesley},
	Title = {A Guide to {\LaTeX}},
	Year = {2003}}

@book{Lamport94,
	Address = {Reading, MA},
	Author = {Lamport, Leslie},
	Booktitle = {{\LaTeX}: A Document Preparation System: User's Guide and Reference},
	Date-Modified = {2009-07-13 22:22:52 -0400},
	Publisher = {Addison-Wesley},
	Title = {{\LaTeX}: A Document Preparation System: User's Guide and Reference},
	Year = {1994}}

@book{Montague74,
	Address = {New Haven, CT},
	Author = {Montague, Richard},
	Note = {Edited and with an introduction by Richmond H.~Thomason},
	Publisher = {Yale University Press},
	Title = {Formal Philosophy: {S}elected Papers of {R}ichard {M}ontague},
	Year = {1974}}

@incollection{bigelow-holmes:1986:integrated,
	Author = {Charles Bigelow and Kris Holmes},
	Booktitle = {Text Processing and Document Manipulation},
	Editor = {J.C. Van Vliet},
	Publisher = {Cambridge University Press},
	Title = {The Design of {Lucida}: An Integrated Family of Types for Electronic Literacy},
	Year = {1986}}

@electronic{bigelow-holmes:2005:lucida-designs,
	Author = {Charles Bigelow and Kris Holmes},
	Month = {November},
	Title = {Notes on {Lucida} Designs},
	Url = {http://www.tug.org/store/lucida/designnotes.html},
	Year = {2005},
	Bdsk-Url-1 = {http://www.tug.org/store/lucida/designnotes.html}}
